% the revised version from 16/03/06

@inproceedings {aaai00,
author =  "R. E. Korf and W. Zhang",
title = "Divide-and-conquer frontier search applied to optimal sequence alignment",
booktitle = "National Conference on Artificial Intelligence (AAAI-2000)",
pages = "910-916",
year =  "2000"}




@inproceedings {aaai04,
author =  "R. E. Korf",
title = "Best-first frontier search with delayed duplicate detection",
booktitle = "National Conference on Artificial Intelligence (AAAI-2004)",
pages = "650-657",
year =  "2004"}

@inproceedings {aaai05,
author =  "R. E. Korf and P. Shultze",
title = "Large-scale, parallel breadth-first search",
booktitle = "National Conference on Artificial Intelligence (AAAI-2005)",
pages = "1380-1385",
year =  "2005"}

@string{aaai88 = "AAAI-88"}
@inproceedings{AAMAS2,
  author    = {X. Sun and
               W. Yeoh and
               P. Chen and
               S. Koenig},
  title     = {Simple optimization techniques for {A*}-based search},
  booktitle = {AAMAS},
  year      = {2009},
  pages     = {931-936},
}



@inproceedings{AAMAS3,
  author    = {M. Renee Jansen and
               Nathan R. Sturtevant},
  title     = {A new approach to cooperative pathfinding},
  booktitle = {AAMAS},
  year      = {2008},
  pages     = {1401-1404}
}

@article{ABS93,
       author="A. E. Prieditis",
       title="Machine discovery of effective admissible heuristics",
       journal="Machine Learning",
       volume=12,
       pages="117-141",
       year=1993}


@book{Ackley.function,
 author = {Ackley, David H.},
 title = {A connectionist machine for genetic hillclimbing},
 year = {1987},
 isbn = {0-89838-236-X},
 publisher = {Kluwer Academic Publishers},
 address = {Norwell, MA, USA},
 }

@ARTICLE{ACO1,
  AUTHOR =       {Dorigo M. and L.M. Gambardella},
  TITLE =        {Ant Colony System: A Cooperative Learning Approach to the
Traveling Salesman Problem},
  JOURNAL =      {IEEE Transactions on Evolutionary Computation},
  YEAR =         {1997},
  volume =       {1},
  number =       {1},
  pages =        {53--66},
}

@ARTICLE{ACO10,
  AUTHOR =       {Di Caro G. and Dorigo M},
  TITLE =        {AntNet: Distributed Stigmergetic Control for Communications
Networks},
        journal="JAIR",
  YEAR =         {1998},
  volume =       {9},
  pages =        {317--365},
}

@INPROCEEDINGS{ACO11,
  AUTHOR =       {Navarro Varela G. and M.C. Sinclair},
  TITLE =        {Ant Colony Optimisation for Virtual-Wavelength-Path Routing
and Wavelength Allocation},
  BOOKTITLE =    {Congress on Evolutionary Computation (CEC'99)},
  YEAR =         {1999},
  pages =        {1809--1816},
  address =      {Washington DC, USA},
  month =        {July},
}

@ARTICLE{ACO2,
  AUTHOR =       {Dorigo M. and G. Di Caro and L. M. Gambardella},
  TITLE =        {Ant Algorithms for Discrete Optimization},
  JOURNAL =      {Artificial Life},
  YEAR =         {1999},
  volume =       {5},
  number =       {2},
  pages =        {137--172},
}

@TECHREPORT{ACO3,
  AUTHOR =       {Gambardella L. M. and M. Dorigo},
  TITLE =        {HAS-SOP: An Hybrid Ant System for the Sequential Ordering
Problem},
  INSTITUTION =  {IDSIA},
  YEAR =         {1997},
  type =         {Technical Report},
  number =       {IDSIA 97-11},
  address =      {Lugano, Switzerland},
}

@ARTICLE{ACO4,
  AUTHOR =       {Gambardella L. M. and E. Taillard and M. Dorigo},
  TITLE =        {Ant Colonies for the Quadratic Assignment Problem},
  JOURNAL =      {Journal of the Operational Research Society},
  YEAR =         {1999},
  volume =       {50},
  pages =        {167--176},
}

@INPROCEEDINGS{ACO5,
  AUTHOR =       {Bullnheimer B. and R.F. Hartl and C. Strauss},
  TITLE =        {An Improved Ant system Algorithm for the Vehicle Routing
Problem},
  BOOKTITLE =    {Sixth Viennese workshop on Optimal Control, Dynamic Games,
Nonlinear Dynamics and Adaptive Systems},
  YEAR =         {1997},
  pages =        {21--23},
  address =      {Vienna},
  month =        {May},
}

@ARTICLE{ACO6,
  AUTHOR =       {Colorni A. and M. Dorigo and V. Maniezzo and M. Trubian},
  TITLE =        {Ant system for Job-shop Scheduling},
  JOURNAL =      {JORBEL --- Belgian Journal of Operations Research, Statistics
and Computer Science},
  YEAR =         {1994},
  volume =       {34},
  number =       {1},
  pages =        {39--53},
}

@ARTICLE{ACO7,
  AUTHOR =       {Costa D. and A. Hertz},
  TITLE =        {Ants Can Colour Graphs},
  JOURNAL =      {Journal of the Operational Research Society},
  YEAR =         {1997},
  volume =       {48},
  pages =        {295--305},
}

@ARTICLE{ACO9,
  AUTHOR =       {Schoonderwoerd R. and O. Holland and J. Bruten and L.
Rothkrantz},
  TITLE =        {Ant-based Load Balancing in Telecommunications Networks},
  JOURNAL =      {Adaptive Behavior},
  YEAR =         {1997},
  volume =       {5},
  number =       {2},
  pages =        {169--207},
}

@article{ADBAIJ02,
  author    = {R. E. Korf and
               A. Felner},
  title     = {Disjoint pattern database heuristics},
  journal   = {Artificial Intelligence},
  volume    = {134},
  number    = {1-2},
  year      = {2002},
  pages     = {9-22},
  ee        = {http://dx.doi.org/10.1016/S0004-3702(01)00092-3},
  bibsource = {DBLP, http://dblp.uni-trier.de}
}

@article {Adler,
author = "F. R. Adler and  D. M. Gordon",
title = "Information Collection and Spread by Networks of Patrolling  Ants",
journal = "The American Naturalist",
volume = "140",
number = "3",
year = "1992",
pages = "373-400"}

@article{A*e,
   author = "J. Pearl and J. H. Kim",
   title = "Studies in semi-admissible heuristics",
   journal = "IEEE Transactions on Pattern Analysis and Machine
             Intelligence",
   volume =  "4",
   pages = "392-400",
   month = "July",
   year = "1982"
}

@article{AIJMAXING,
         author="R. C. Holte and A. Felner and  J. Newton and  R. Meshulam and  D. Furcy",
         title="Maximizing over Multiple Pattern Databases Speeds up Heuristic Search",
         journal= "Artificial Intelligence",
         volume= 170,
     pages= "1123--1136",
         year=2006}


@BOOK{AItheory,
 AUTHOR = "Banerji, R. B.",
 TITLE = "Artificial Intelligence: A Theoretical Approach",
 PUBLISHER = "North Holland",
 YEAR = 1980
}


@article{ALBE75,
   author="D. E. Knuth and R. E. Moore ",
       title="An analysis of alpha-beta pruning",
       journal="Artificial Intelligence",
       volume= 6,
       pages="293-326",
       year=1975}

@techreport{ALBET73,
       author="S. H. Fuller and J. G. Gasching and J. J. Gillogly",
       title="An analysis of the alpha-beta pruning algorithm",
       institution="Department of Computer Science",
       address="Carnegie-Mellon University, Pittsburgh, Pa",
      year=1973}

@inproceedings{Allen.selheur,
    author = {John A. Allen and Steven Minton},
    title = {Selecting the Right Heuristic Algorithm: Runtime Performance Predictors},
    booktitle = {Advances in Artificial The Eleventh Biennial Conference of the Canadian Society for Computational Studies of Intelligence},
    year = {1996},
    pages = {41--53},
    publisher = {Springer-Verlag}
}


@inproceedings{altplanaamas03,
   author="A. Felner and A. Pomeransky and J. Rosenchein",
       title="Searching for an Alternative Plan",
       booktitle="International Joint Conference on Autonomous Agents and Multi-Agent Systems",
       pages="33--40",
       year= 2003
}

@article {analysis,
author = "R. E. Korf and M. Reid and S. Edelkamp",
title = "Time complexity of
Iterative-Deepening-{A}*",
journal = "Artificial Intelligence",
volume = "129",
number = "1--2",
year = "2001",
pages = "199--218"}

@inproceedings{Ansotegui.sudoku,
    author = {Carlos Ans\'otegui and Ram\'on B\'ejar and C\'esar Fern\`andez and Carla Gomes and Carles Mateu},
    title = {The impact of balancing on problem hardness in a highly structured domain},
    booktitle = {Proc. of 9th Int. Conf. on Theory and Applications of Satisfiability Testing (SAT ’06)},
    year = {2006}
}

@article{ANTNET98,
   author="G. Di Caro and  and M. Dorigo",
       title="Ant{N}et: Distributed Stigmergetic Control for Communications Networks",
       journal="JAIR",
       volume= 9,
       pages="317-365",
       year=1998
   }

@article{ANTS2000,
   author="A. Wagner and A. M. Bruckstein",
       title="A{NTS}: Agents, Networks, Trees, and Subgraphs",
       journal="Future Generation Computer Systems Journal",
       volume= "16(8)",
       pages= "915-926",
       year= 2000
}


@ARTICLE{APPLEBY,
 AUTHOR = "S. Appleby and S. Steward",
 TITLE = "Mobile software agents for control in
telecommunication networks",
 JOURNAL = "British Telecom Technology Journal 12",
  PAGES = "104--113",
 YEAR = 1994
}

@article{ARG98,
      author="S. Argamon-Engelson and S. Kraus and S. Sina",
      title= "Utility-Based On-Line Exploration for Repeated Navigation
              in an Embedded Graph",
     journal="Artificial Intelligence",
     volume="101(1-2)",
     pages="967--984",
     year="1998"}


@article{ARG99,
      author="S. Argamon-Engelson and  S. Kraus and S. Sina",
      title= "Interleaved vs. A Priori Exploration for Repeated
         Navigation in a Partially-Known Graph",
     journal= "International Journal of Pattern Recognition and
          Artificial Intelligence",
     volume="13(7)",
     pages="963--968",
     year="1999"}

@inproceedings{ARKIN90,
   author="E. Arkin and L. P. Chew and D. P. Huttenlovher and K. Kedem and J. S. B. Mitcjell",
       title="An efficiently computable metrics for comparing polygonal shapes",
       booktitle="ACM-SIAM Symposium on Discrete Algoritmhs",
       year= 1990}

@book{ARTIF2002,
     author="S. Russell and P. Norvig",
     title="Artificial Intelligence, A Modern Approach, Second Edition",
     publisher="Prentice Hall",
     pages="97--99",
     year=2005}

@book{ARTIF95,
     author="S. Russell and P. Norvig",
     title="Artificial Intelligence, A Modern Approach",
     publisher="Prentice Hall",
     pages="111-112",
     year=1995}

@ARTICLE{astar,
 AUTHOR = "Hart, P.E. and Nilsson, N. J. and Raphael, B.",
 TITLE = "A Formal Basis for the Heuristic Determination of Minimum Cost Paths",
 JOURNAL = "IEEE Transactions on Systems Science and Cybernetics",
 VOLUME = 4,
 ISSUE  = 2,
 YEAR = 1968,
 PAGES = "100-107"
}



@article{ASTR68,
       author="P. E. Hart and N. J. Nilsson and B. Raphael",
       title="A formal basis for the heuristic determination of
          minimum cost paths",
       journal="IEEE Transactions on Systems Science and Cybernetics",
       volume="SCC-4(2)",
       pages="100-107",
       year=1968}

@article{ASTR85,
       author="R. Dechter and J. Pearl",
       title="Generalized best-first search strategies and the
         optimality of {A}*",
       journal="Journal of the ACM",
       volume="32(3)",
       pages="505-536",
       year=1985}

@article {Atallah93,
author = "M. J. Atallah",
title = "A linear time algorithm for the Hausdorff distance between convex polygons",
journal = "Information Processing Letters",
volume = "17",
pages = "207--209",
year = "1983"}

@inproceedings{Audibert+al:2010,
  title={Best arm identification in multi-armed bandits},
  author={Audibert, J.Y. and Bubeck, S. and others},
  booktitle = {COLT},
  year      = {2010}
}


@article{Auer+et+al:2002,
author = {Peter Auer and Nicolo Cesa-Bianchi and Paul Fischer}, 
journal = {Machine Learning},
title = {Finite-time analysis of the multiarmed bandit problem},
year = {2002},
}

@article{Auer.ucb,
 author = {Auer, Peter and Cesa-Bianchi, Nicol\`{o} and Fischer, Paul},
 title = {Finite-time Analysis of the {M}ultiarmed Bandit Problem},
 journal = {Mach. Learn.},
 volume = {47},
 issue = {2-3},
 month = {May},
 year = {2002},
 issn = {0885-6125},
 pages = {235--256},
 numpages = {22},
 acmid = {599677},
 publisher = {Kluwer Academic Publishers},
 address = {Hingham, MA, USA},
 keywords = {adaptive allocation rules, bandit problems, finite horizon regret},
}


@article{Bagchi88,
   author = "A. Bagchi and A. Sen",
   title = "Average-case analysis of heuristic search in tree-like networks",
   journal = "Search in Artificial Intelligence",
   publisher= "L. Kanal and V. Kumar, New York: Springer-Verlag",
   pages="131--165",
   year = "1988"}

@article{BagchiM83,
  author    = {A. Bagchi and
               A. Mahanti},
  title     = {Search Algorithms Under Different Kinds of Heuristics -- {A} Comparative Study},
  journal   = {Journal of the ACM},
  volume    = {30},
  number    = {1},
  year      = {1983},
  pages     = {1-21},
  ee        = {http://doi.acm.org/10.1145/322358.322359},
  bibsource = {DBLP, http://dblp.uni-trier.de}
}

@article{BAL98,
      author="R. Balasubramanian and M. R. Fellows and V. Raman",
      title= "An improved fixed-parameter algorithm for vertex cover",
     journal="Information Processing Letters",
     volume="65(3)",
     pages="163-168",
     year="1998"}

@inproceedings{BallH08,
    author = "M. Ball and R.C. Holte",
    title = "The Compression Power of Symbolic Pattern Databases ",
    booktitle = "International Conference on Automated Planning and Scheduling (ICAPS-08)",
    pages = "2-11",
    year = "2008"
}


@inproceedings{Barnoy.ctp,
 author = {Bar-{N}oy, Amotz and Schieber, Baruch},
 title = {The Canadian Traveller Problem},
 booktitle = {{SODA} '91: Proc. of the 2nd annual {ACM-SIAM} symposium on Discrete Algorithms},
 year = {1991},
 isbn = {0-89791-376-0},
 pages = {261--270},
 location = {San Francisco, California, United States},
 publisher = {Society for Industrial and Applied Mathematics},
 address = {Philadelphia, PA, USA},
 }

@article{Baum+Smith:1999a,
author = {Eric Baum and Warren Smith},
title = {A Bayesian approach to relevance in game playing},
year = {1999},
journal = {Artificial Intelligence}
}


@article{Baum+Smith:1999b,
  title={Propagating distributions up directed acyclic graphs},
  author={Baum, E.B. and Smith, W.D.},
  journal={Neural computation},
  volume={11},
  number={1},
  pages={215--227},
  year={1999},
  publisher={MIT Press}
}


@article{Bechhofer:1954,
  title={A single-sample multiple decision procedure for ranking means of normal populations with known variances},
  author={Bechhofer, R.E.},
  journal={The Annals of Mathematical Statistics},
  volume={25},
  number={1},
  pages={16--39},
  year={1954},
  publisher={Institute of Mathematical Statistics}
}


@ARTICLE{BELLMAN,
 author =       "R. Bellman",
 title =        "On a routing problem",
 journal =      "Quarterly of Applied Mathematics",
 year =         "1958",
 volume =       "16",
 number =       "1",
 pages =        "87-90",
}

@inproceedings{bender98power,
   author = "M. A. Bender and A. Fernandez and D. Ron and A. Sahai
            and S. P. Vadhan",
   title = "The Power of a Pebble: {E}xploring and Mapping Directed Graphs",
   booktitle = "{ACM} Symposium on the Theory of Computing",
   pages = "269--278",
   month = "May",
   year = "1998",
   address = "Dallas, Texas",
   url = "citeseer.nj.nec.com/bender98power.html"
}

@book{Berry+Fristedt:1985,
  title={Bandit problems: sequential allocation of experiments},
  author={Berry, D.A. and Fristedt, B.},
  year={1985},
  publisher={Chapman and Hall London}
}

@inproceedings{Bessiere.macheur,
  author    = {Christian Bessi{\`e}re and
               Jean-Charles R{\'e}gin},
  title     = {{MA}C and Combined Heuristics: Two Reasons to Forsake {FC} (and
               {CBJ}?) on Hard Problems},
  booktitle = {CP},
  year      = {1996},
  pages     = {61-75}
}


@article {bfhs,
author =  "R. Zhou and E. Hansen",
title = "Breadth-first heuristic search",
journal = "Artificial Intelligence",
volume = "170",
number = "4-5",
pages = "385-408",
year =  "2006"}


@article{BFID85,
  author    = {R. E. Korf},
  title     = {Depth-First Iterative-Deepening: An Optimal Admissible Tree
               Search},
  journal   = {Artificial Intelligence},
  volume    = {27},
  number    = {1},
  year      = {1985},
  pages     = {97-109},
  bibsource = {DBLP, http://dblp.uni-trier.de}
}


@article{BFSMIN96,
   author="R. E. Korf and D. M. Chickering",
       title="Best-first minimax search",
       journal="Artificial intelligence",
       volume= "84(1-2)",
       pages="299-337",
       year=1996}



@TECHREPORT{BGP,
  AUTHOR =       {Y. Rekhter and T. Li},
  TITLE =        {A Border Gateway Protocol},
  INSTITUTION =  {T.J Watson Research Center IBM Corporation \& Cisco Systems},
  YEAR =         {1995},
  type =         {RFC},
  number =       {1771},
  month =        {March},
}

@article{BIDA96,
       author="G. Manzini",
       title= "{BIDA}*: an improved perimeter search algorithm",
       journal= "Artificial Intelligence",
       volume=75,
       pages="347-360",
       year= 1995}

@inproceedings{BilgicGetoor.voila,
  author = {Mustafa Bilgic and Lise Getoor},
  booktitle = {AAAI},
  pages = {1225--1230},
  publisher = {AAAI Press},
  title = {{VOILA:} Efficient Feature-value Acquisition for Classification.},
  year = {2007},
  isbn = {978-1-57735-323-2},
  date = {2007-09-05}
}

@mastersthesis{Bir93,
       author="L. Biran",
       title="The Parallel State Execution Model",
       school="Department of Mathematics, Bar-Ilan university",
       address="Israel",
       year=1993}

@book{Bishop.learning,
  address = {New York, NY, USA},
  author = {Bishop, Christopher M.},
  isbn = {0-387-31073-8},
  keywords = {allpurpose},
  posted-at = {2009-05-10 15:35:42},
  priority = {2},
  publisher = {Springer Science+Business Media, LLC},
  title = {Pattern Recognition and Machine Learning},
  url = {http://www.ulb.tu-darmstadt.de/tocs/198320841.pdf},
  year = {2007}
}


@TECHREPORT{blocks,
 AUTHOR="Slaney, J. and Thi{\'e}baux, S.",
 TITLE = "Adventures in Blocks World",
 NOTE = "TR-ARP-7-94",
 INSTITUTION = "Research School of Information Sciences and Engineering and
Centre for Information Science Research, Australian National University",
 YEAR = 1994
}


@article{BLOOM,
    author = "B. H. Bloom",
    title = "Space/Time Trade-offs in Hash Coding with Allowable Errors",
    journal = "Communications of the ACM",
    volume = "13(3)",
    year = "1970",
    pages = "422--426"}


@inproceedings{Bnaya.sensing,
 author = {Bnaya, Zahy and Felner, Ariel and Shimony, Solomon Eyal},
 title = {Canadian traveler problem with remote sensing},
 booktitle = {Proc. of IJCAI},
 year = {2009},
 pages = {437--442},
 location = {Pasadena, California, USA},
 publisher = {Morgan Kaufmann Publishers Inc.},
 address = {San Francisco, CA, USA},
 }

@inproceedings {bode+hinz,
author =  "J.-P. Bode and A.M. Hinz",
title = "Results and open problems on the {T}ower of {H}anoi",
booktitle = "Southeastern International Conference on Combinatorics, Graph Theory, and Computing",
address = "Boca Raton, FL",
year =  "1999"}





@inproceedings{BONET2006,
  author    = {B. Bonet and
               H. Geffner},
  title     = {Learning Depth-First Search: A Unified Approach to Heuristic
               Search in Deterministic and Non-Deterministic Settings,
               and Its Application to {MDP}s},
  booktitle = "International Conference on Automated Planning and Scheduling (ICAPS-06)",
  year      = {2006},
  pages     = {142-151},
}

@techreport{Boussemart.benchmarks,
    author = {Fr\'ed\'eric Boussemart and Fred Hemery and Christophe Lecoutre},
    title = {Description and representation of the problems selected for the first international constraint satisfaction solver competition},
    institution = {Proc. of CPAI'05 workshop},
    pages = {7--26},
    year = {2005}
}

@inproceedings{Boussemart.generator,
 author = {Xu, Ke and Boussemart, Fr\'ed\'eric and Hemery, Fred and Lecoutre, Christophe},
 title = {A simple model to generate hard satisfiable instances},
 booktitle = {Proc. of IJCAI},
 year = {2005},
 location = {Edinburgh, Scotland},
 pages = {337--342},
 numpages = {6},
 acmid = {1642347},
 publisher = {Morgan Kaufmann Publishers Inc.},
 address = {San Francisco, CA, USA},
}

@inproceedings{Boyen.hidden,
    author = {Xavier Boyen and Nir Friedman and Daphne Koller},
    title = {Discovering the Hidden Structure of Complex Dynamic Systems},
    booktitle = {Uncertainty in Artificial Intelligence},
    year = {1999},
    pages = {91--100},
    publisher = {}
}

@article{Bradt+et+al:1956,
author = {R N Bradt and S M Johnson and S Karlin}, 
journal = {The Annals of Mathematical Statistics},
title = {On sequential designs for maximizing the sum of n observations},
year = {1956},
}

@inproceedings{Braudis.pachi,
  author    = {Petr Braudi\v{s} and Jean-{L}oup Gailly},
  title     = {Pachi: State of the Art Open Source {G}o Program},
  booktitle = {ACG 13},
  year      = {2011},
}  

@inproceedings{BreyerKorfSTAIR,
   author="Teresa Breyer and R. E. Korf",
       title="Recent Results in Analyzing the Performance of Heuristic Search",
       booktitle="International Workshop on Search in Artificial Intelligence and Robotics (held in conjunction with AAAI)",
       year= 2008}

@ARTICLE{Brunetta,
 AUTHOR = " L. Brunetta  and M. Conforti and N. Rinaldi",
 TITLE = "A branch-and-cut Algorithm for the Equicut Problem",
 JOURNAL = "Math. Program.",
 VOLUME = 78,
  PAGES = "243--263",
 YEAR = 1997
}

@article {BRYNT92,
author = "O. Dunkel",
title = "Symbolic Boolean Manipulation with Ordered Binary Decision Diagrams",
journal = "ACM Computing Surveys",
volume = "24(3)",
year = "1992",
pages = "142--170"}

@article{BSTR79,
   author="H. J. Berliner",
       title="The B* tree search algorithm: A best-first proof procedure",
       journal=" Artificial Intelligence",
       volume=12,
       pages="23-40",
       year=1979}


@article{Bubeck.pure,
  author    = {S{\'e}bastien Bubeck and
               R{\'e}mi Munos and
               Gilles Stoltz},
  title     = {Pure exploration in finitely-armed and continuous-armed
               bandits},
  journal   = {Theor. Comput. Sci.},
  volume    = {412},
  number    = {19},
  year      = {2011},
  pages     = {1832-1852},
  ee        = {http://dx.doi.org/10.1016/j.tcs.2010.12.059},
  bibsource = {DBLP, http://dblp.uni-trier.de}
}

@article{Bulitko.dynamiccontrol,
 author = {Bulitko, Vadim and Lu\v{s}trek, Mitja and Schaeffer, Jonathan and Bj\"{o}rnsson, Yngvi and Sigmundarson, Sverrir},
 title = {Dynamic control in real-time heuristic search},
 journal = {J. Artif. Int. Res.},
 volume = {32},
 number = {1},
 year = {2008},
 issn = {1076-9757},
 pages = {419--452},
 publisher = {AI Access Foundation},
 address = {USA},
 }

@article{BulitkoSLY07,
  author    = {Vadim Bulitko and
               Nathan R. Sturtevant and
               Jieshan Lu and
               Timothy Yau},
  title     = {Graph Abstraction in Real-time Heuristic Search},
  journal   = {JAIR},
  volume    = {30},
  year      = {2007},
  pages     = {51-100},
}

@article{BUSS93,
      author="J. F. Buss and J. Goldsmith",
      title= "Nondetermenisim within {P}",
     journal="SIAM J, Comput.",
     volume=22,
     pages="560-572",
     year="1993"}

@BOOK{butler91,
 AUTHOR = "Butler, G.",
 TITLE = "Fundamental Algorithms for Permutation Groups",
 PUBLISHER = "Springer-Verlag",
 YEAR = 1991,
 SERIES = "Lecture Notes in Computer Science"
}





@Article{CAPRARA97,
 author="A. Caprara and M. Fischetti",
 title="Branch and ut algorithms",
 journal="M. Dell'Amico et al. (eds.) Annotated bibliographies in
         combinatorial optimization, Wiley",
 pages =  "45--64",
 year =  "1997",
}

@inproceedings{CaramanisMannor.bayesian,
  author = {C. Caramanis,, C. and Mannor,, S.},
  title = {A Bayesian Approach to Data-Driven Optimization Under Uncertainty},
  booktitle = {Allerton Conference on Communication, Control, and Computing},
  year = {2007},
}

@INBOOK{CC,
  AUTHOR =       {I.A.~Wagner and A.M.~Bruckstein},
  TITLE =        {Communications, Computation, Control, and Signal Processing:
A Tribute to Thomas Kailath},
  CHAPTER =      {Cooperative Cleaners: A Case of Distributed Ant-Robotics},
  pages =        {289--308},
  PUBLISHER =    {Kluwer Academic Publishers},
  YEAR =         {1997},
  address =      {The Netherlands},
}


@inproceedings{CH,
  author    = {Robert Geisberger and
               Peter Sanders and
               Dominik Schultes and
               Daniel Delling},
  title     = {Contraction Hierarchies: Faster and Simpler Hierarchical
               Routing in Road Networks},
  booktitle = {WEA},
  year      = {2008},
  pages     = {319-333}
}


@article{CHACO,
      author="B. Hendrickson and R. Leland",
      title= "The chaco user's guide",
     journal="Technical Report",
     volume="SAND94-2692",
     address="Sandia National Laboratories",
     year="1994"}

@MISC{CHAIIDE,
    author = {Nathan Sturtevant and Robert Geisberger},
    title = {A Comparison of High-Level Approaches for Speeding Up Pathfinding },
  booktitle = {AIIDE},
    year = {2010}
}

@book{Challoux.ocaml,
  author={Emmanuel Challoux and Pascal Manoury and Bruno Pagano},
  title={Developing Applications With Objective Caml},
  year={2000},
  publisher={O'Reilly France}
}

@article{Champeaux83,
  author    = {Dennis de Champeaux},
  title     = {Bidirectional Heuristic Search Again},
  journal   = {J. ACM},
  volume    = {30},
  number    = {1},
  year      = {1983},
  pages     = {22-32},
  ee        = {db/journals/jacm/Champeaux83.html, http://doi.acm.org/10.1145/322358.322360},
  bibsource = {DBLP, http://dblp.uni-trier.de}
}


@inproceedings{Chaslot.montecarlo,
  author    = {Guillaume Chaslot and
               Sander Bakkes and
               Istvan Szita and
               Pieter Spronck},
  title     = {{M}onte-{C}arlo Tree Search: A New Framework for Game {AI}},
  booktitle = {AIIDE},
  year      = {2008},
}

@Article{Cheetham03,
 author="J. Cheetham and  F. Dehne and  A. Rau-Chaplin and U. Stege
         and  P. J. Taillon",
 title="Solving Large FPT Problems On Coarse Grained Parallel Machines",
 journal="Journal of Computer and System Sciences",
 year =  "To appear",
}

@Article{CHEN2001,
 author="J. Chen and I. Kanj and W. Jia",
 title="Vertex cover: further observations and further improvements",
 journal="Journal of Algorithms",
 volume =  41,
 pages =  "280--301",
 year =  "2001",
}

@article {chen96,
author = "T. Chen and S. Skiena",
title = "Sorting with Fixed-Length Reversals",
journal = "Discrete Applied Mathematics",
volume = "71",
number = "1--3",
year = "1996",
pages = "269--295"}

@Article{CHEN99,
 author="J. Chen and I. Kanj and W. Jia",
 title="Vertex cover: further observations and further improvements",
 journal="Lecture Notes in Computer Science",
 volume =  1665,
 pages =  "313--324",
 year =  "1999",
}

@techreport{Chickering.learningbayesian,
    author = {David Maxwell Chickering and David Heckerman and Christopher Meek and David Madigan},
    title = {Learning Bayesian networks is {NP}-hard},
    institution = {},
    year = {1994}
}

@article{Chick+Frazier:2011,
author = {S.E. Chick and P. Frazier},
year = {2011},
title = {Sequential Sampling with Economics of Selection Procedures},
journal = {Management Science}
}

@Article{CKK97,
 author =       "R. E. Korf",
 title =        "A complete anytime algorithm for number partitioning,",
 journal =      "Aritificial Intelligence",
 volume=        "106(2)",
 pages=         "181-203",
 year =         "1998",
}

@ARTICLE{Clausen,
   AUTHOR = "J. Clausen and J. Larsson-Traff",
 TITLE = "Implementation of Parallel Branch and Bound Algorithms -
         Experiences with the Graph partitioning Problem",
 JOURNAL = "Ann. Oper. Res.",
 VOLUME = 33,
  PAGES = "331--349",
 YEAR = 1991
}

@Article{CLIQUES,
 author="Johnson and Trick Eds",
  title="Cliques, Coloring and Satisfiability",
 journal="DIMACS series in Discrete Math. and Theoretical CS",
 volume =  "26",
 year =  "1999",
}

@book{CLR01,
      author="T. H. Cormen and C. E. Leiserson and R. L. Rivest and
             C. Stein",
      title= "Introduction to Algorithms",
      publisher= "MIT Press",
      address = "Cambridge, Massachusetts",
      note = "2nd edition",
      year= "2001"}

         # BIBTEX FILE
#
# To add a new entry follow the pattern
# The smallest syntax error screws up everything!
# When you add a new entry also add a line right here, how to refer to it
#
# When multiple authors, <Lastname1>,<FI1>. <SI1>. and <Lastname2>, <FI2> ....
# The style file automatically does the "et al" business and abbreviations
# If a letter MUST be capitalized in the title, enclose it in {}
# like:  "Hierarchical {A}*"
#

# pancake:       original paper defining the pancake puzzle
# felner:        Korf and Felner's AIJ paper on disjoint PDB's
# korfmacro:     Korf's 1985 Macro operators paper
# astar:         original A* paper, 1968
# edelkamp98     branching factor
# edelkamp01     Planning with Pattern Databases
# istvan01:      optimal macro-operators for Rubik's Cube
# pearl:         Heuristics: Intelligent Search...
# prieditis:     Machine Discovery of Effective
# korf2001:      Korf & Reid & Edelkamp, AI journal
# korf98:        Korf & Reid, analysis based on cumulative probability
# korf97:        Rubik's Cube, AAAI
# pdb94:   15-Puzzle, Tech Report
# pdb96:   Pattern DB, Can. Soc for AI
# pdb98:   Pattern DB, Computational Intelligence
# valtorta84:    A* and embeddings, Info. Sci.
# korf85:        Iterative Deepening, AI 85
# STRIPS:        Fikes & Nilsson's original paper, 1971
# holte96:       Hierarchical A*, AAAI 96
# istvan99:      technical report about the vector representation
# kaindl95:      surveys ways of using memory to speed up IDA*
# evett95:       PRA* - uses memory cleverly in parallel A*
# russell92:     memory-bounded search
# dillenburg94:  perimeter search
# robistvan:     our AAAI-99 paper
# blocks:        blocks world tech report
# -----
# AItheory:      Banerji: AI A Theoretical Approach
# kibler:        D. K.: Natural Generation of Admissible Heuristics
# holteJ96:      Holte et al.: Speeding Up Problem-Solving by Abstraction
# pried95:       Prieditis et al:abstractness of admissible heuristics
# guida79:       Computing Heuristics
# gasching79:    Devising Heuristics
# mostow89:      Discovering Admissible Heuristics by Abs and Opt
# -----
# butler91:      Fundamental algorithms for permutation groups
# dixon96:       Permutation Groups
# -----
# refinement:    Refinement

@inproceedings{compress04,
   author="A. Felner and R. Meshulam and R. C. Holte and R. E. Korf",
       title="Compressing Pattern Databases",
       booktitle="National Conference on Artificial Intelligence (AAAI-04)",
       pages="638--643",
       year= 2004}


@inproceedings{compress04short,
   author="A. Felner and R. Meshulam and R. C. Holte and R. E. Korf",
       title="Compressing Pattern Databases",
       booktitle="National Conference on Artificial Intelligence (AAAI-04)",
       pages="638--643",
       year= 2004}


@article{compressjur,
  author    = {A. Felner and
               R. E. Korf and
               R. Meshulam and
               R. C. Holte},
  title     = {Compressed Pattern Databases},
        journal="JAIR",
  volume    = {30},
  year      = {2007},
  pages     = {213-247}
}






@article{Coulom:2006,
author = {R\'{e}mi Coulom},
title = {Efficient Selectivity and Backup Operators in Monte-Carlo Tree Search},
journal = {5th International Conference on Computer and Games},
year = {2006}
}

@inproceedings{Cowell.inference,
 author = {Cowell, Robert},
 title = {Advanced inference in Bayesian networks},
 booktitle = {Proceedings of the {NATO} Advanced Study Institute on Learning in graphical models},
 year = {1998},
 pages = {27--49},
 location = {Erice, Italy},
 publisher = {Kluwer Academic Publishers},
 address = {Norwell, MA, USA},
 }

@InProceedings{CPDB,
  author =  "N. Sturtevant and A. Felner and M. Barer and J. Schaeffer and N. Burch",
  title =   "Memory-Based Heuristics for Explicit State Spaces",
       booktitle="International Joint Conference on Artificial Intelligence (IJCAI-09)",
  pages = "609-614",
  year =    "2009"
}

@InProceedings{CPDBsara,
  author =  "A. Felner and N. Sturtevant and  J. Schaeffer ",
  title =   "Abstraction-Based Heuristics with True Distance Computations",
       booktitle="Symposium on Abstraction, Reformulation and Approximation (SARA-09)",
  year =    "2009"
}

@inproceedings{CRESUS95,
   author="P. Shell and J. A. H. Rubio and G. Q. Barro",
       title="Improving search through diversity",
       booktitle="National Conference on Artificial Intelligence (AAAI-94)",
       pages="1323-1328",
       year=1994
}

@inproceedings{CSABA2004,
   author="C. Szepesvri",
       title="Shortest Path Discovery Problems: A Framework, Algorithms and Experimental Results",
       booktitle="National Conference on Artificial Intelligence (AAAI-04)",
       pages="550--555",
       year= 2004}



@ARTICLE{CUCKA,
 author =       "P. Cucka and N. S. Netanyahu and A. Rosenfeld",
 title =        "Learning in Navigation: {G}oal finding in graphs",
 journal =      "International Journal of Pattern Recognition and
         Artificial Intelligence",
 volume =       "10(5)",
 pages =        "429--446",
 year =         "1996"
}

@article {DB2003,
author = "V.  Marik, D. C. McFarlane, P. Valckenaers",
title = "Holonic and Multi-Agent Systems for Manufacturing",
journal = "First International Conference on Industrial Applications of Holonic and Multi-Agent Systems",
year = "2003"}

@inproceedings{DBLDS97,
   author="Toby Walsh",
       title="Depth-bounded discrepancy search",
       booktitle="International Joint Conference on Artificial Intelligence (IJCAI-97)",
       pages="1388-1393",
       year= 1997}

@proceedings{DBLP:conf/aaai/2007,
booktitle = "National Conference on Artificial Intelligence (AAAI-2007)",
publisher = {AAAI Press},
year = {2007},
isbn = {978-1-57735-323-2},
bibsource = {DBLP, http://dblp.uni-trier.de}
}

@inproceedings{DBLP:conf/aaai/BreyerK10a,
  author    = {T. M. Breyer and
               R. E. Korf},
  title     = {1.6-Bit Pattern Databases},
  booktitle = {AAAI},
  pages	    = {39---44},
  year      = {2010}
  }




@inproceedings{DBLP:conf/aaai/FelnerMSS10,
  author    = {A. Felner and
               C. Moldenhauer and
               N. R. Sturtevant and
               J. Schaeffer},
  title     = {Single-Frontier Bidirectional Search},
  booktitle = {AAAI},
  year      = {2010}
}


@inproceedings{DBLP:conf/aaai/Hansen07,
author = {Eric A. Hansen},
title = {Indefinite-Horizon {POMDP}s with Action-Based Termination},
booktitle = "National Conference on Artificial Intelligence (AAAI-2007)",
year = {2007},
pages = {1237-1242},
bibsource = {DBLP, http://dblp.uni-trier.de}
}

@inproceedings{DBLP:conf/aaai/Korf07,
  author    = {R. E. Korf},
  title     = {Analyzing the Performance of Pattern Database Heuristics},
  booktitle = "National Conference on Artificial Intelligence (AAAI-2007)",
  year      = {2007},
  pages     = {1164-1170},
  bibsource = {DBLP, http://dblp.uni-trier.de}
}

@inproceedings{DBLP:conf/aaai/KorfS05,
  author    = {R. E. Korf and
               Peter Schultze},
  title     = {Large-Scale Parallel Breadth-First Search},
       booktitle="National Conference on Artificial Intelligence (AAAI-05)",
  year      = {2005},
  pages     = {1380-1385},
  bibsource = {DBLP, http://dblp.uni-trier.de}
}


@inproceedings{DBLP:conf/aaai/LarsenBRH10,
  author    = {B. Larsen and
               E. Burns and
               W. Ruml and
               R. Holte},
  title     = {Searching Without a Heuristic: Efficient Use of Abstraction},
  booktitle = {AAAI},
  year      = {2010}
}


@inproceedings{DBLP:conf/aaai/PochterZRF10,
  author    = {N. Pochter and
               A. Zohar and
               J. S. Rosenschein and
               A. Felner},
  title     = {Search Space Reduction Using Swamp Hierarchies},
  booktitle = {AAAI},
  year      = {2010}
}



@inproceedings{DBLP:conf/aaai/SternKFH10,
  author    = {Roni Stern and
               Tamar Kulberis and
               Ariel Felner and
               Robert Holte},
  title     = {Using Lookaheads with Optimal Best-First Search},
  booktitle = {AAAI},
  pages     = {185-190},
  year      = {2010}
}



@inproceedings{DBLP:conf/aips/BallH08,
  author    = {Marcel Ball and
               Robert C. Holte},
  title     = {The Compression Power of Symbolic Pattern Databases},
  booktitle = {ICAPS},
  year      = {2008},
  pages     = {2-11}
}

@inproceedings{DBLP:conf/aips/DomshlakKL10,
  author    = {Carmel Domshlak and
               Michael Katz and
               Sagi Lefler},
  title     = {When Abstractions Met Landmarks},
  booktitle = {ICAPS},
  year      = {2010},
  pages     = {50-56}
}

@inproceedings{DBLP:conf/aips/HelmertD09,
  author    = {Malte Helmert and
               Carmel Domshlak},
  title     = {Landmarks, Critical Paths and Abstractions: What's the Difference
               Anyway?},
  booktitle = {ICAPS},
  year      = {2009}
}

@inproceedings{DBLP:conf/aips/KatzD08,
  author    = {Michael Katz and
               Carmel Domshlak},
  title     = {Structural Patterns Heuristics via Fork Decomposition},
  booktitle = {ICAPS},
  year      = {2008},
  pages     = {182-189}
}


@inproceedings{DBLP:conf/aips/KatzD09,
  author    = {Michael Katz and
               Carmel Domshlak},
  title     = {Structural-Pattern Databases},
  booktitle = {ICAPS},
  year      = {2009}
}


@inproceedings{DBLP:conf/aips/RichterTR10,
  author    = {Silvia Richter and
               Jordan Tyler Thayer and
               Wheeler Ruml},
  title     = {The Joy of Forgetting: Faster Anytime Search via Restarting},
  booktitle = {ICAPS},
  year      = {2010},
  pages     = {137-144}
}

@inproceedings{DBLP:conf/aips/ThayerR08,
  author    = {J. Tyler Thayer and
               W. Ruml},
  title     = {Faster than Weighted A*: An Optimistic Approach to Bounded
               Suboptimal Search},
  booktitle = {ICAPS},
  year      = {2008},
  pages     = {355-362}
}


@inproceedings{DBLP:conf/aips/ThayerR09,
  author    = {J. Tyler Thayer and
               W. Ruml},
  title     = {Using Distance Estimates in Heuristic Search},
  booktitle = {ICAPS},
  year      = {2009}
}

@proceedings{DBLP:conf/ecml/2006,
editor = {Johannes F{\"u}rnkranz and
Tobias Scheffer and
Myra Spiliopoulou},
title = {Machine Learning: ECML 2006, 17th European Conference on
Machine Learning, Berlin, Germany, September 18-22, 2006,
Proceedings},
booktitle = {ECML},
publisher = {Springer},
series = {Lecture Notes in Computer Science},
volume = {4212},
year = {2006},
isbn = {3-540-45375-X},
bibsource = {DBLP, http://dblp.uni-trier.de}

}
@inproceedings{DBLP:conf/ecml/ShaniBS06,
author = {Guy Shani and
Ronen I. Brafman and
Solomon Eyal Shimony},
title = {Prioritizing Point-Based {POMDP} Solvers},
booktitle = {ECML},
year = {2006},
pages = {389-400},
ee = {http://dx.doi.org/10.1007/11871842_38},
bibsource = {DBLP, http://dblp.uni-trier.de}
}

@inproceedings{DBLP:conf/iccad/SrinivasanKMB90,
  author    = {A. Srinivasan and
               T. Kam and
               S. Malik and
               R. K. Brayton},
  title     = {Algorithms for Discrete Function Manipulation},
  booktitle = {ICCAD},
  year      = {1990},
  pages     = {92-95}
}

@inproceedings{DBLP:conf/icra/Ryan10,
  author    = {M. Ryan},
  title     = {Constraint-based multi-robot path planning},
  booktitle = {ICRA},
  year      = {2010},
  pages     = {922-928}
}

@inproceedings{DBLP:conf/ijcai/StickelT85,
  author    = {Mark E. Stickel and
               Mabry Tyson},
  title     = {An Analysis of Consecutively Bounded Depth-First Search
               with Applications in Automated Deduction},
       booktitle="International Joint Conference on Artificial Intelligence (IJCAI-85)",
  year      = {1985},
  pages     = {1073-1075},
  bibsource = {DBLP, http://dblp.uni-trier.de}
}



@inproceedings{DBLP:conf/sara/AndersonHS07,
  author    = {K. Anderson and
               R. Holte and
               J. Schaeffer},
  title     = {Partial Pattern Databases},
  booktitle = {SARA},
  year      = {2007},
  pages     = {20-34}
}




@article{DBLP:journals/ai/Martelli77,
  author    = {A. Martelli},
  title     = {On the Complexity of Admissible Search Algorithms},
  journal   = {Artificial Intelligence},
  volume    = {8},
  number    = {1},
  year      = {1977},
  pages     = {1-13},
  bibsource = {DBLP, http://dblp.uni-trier.de}
}



@article{DBLP:journals/aim/KitanoT01,
  author    = {Hiroaki Kitano and
               Satoshi Tadokoro},
  title     = {RoboCup Rescue: A Grand Challenge for Multiagent and Intelligent
               Systems},
  journal   = {AI Magazine},
  volume    = {22},
  number    = {1},
  year      = {2001},
  pages     = {39-52},
  bibsource = {DBLP, http://dblp.uni-trier.de}
}


@article{DBLP:journals/ai/Pohl70,
  author    = {Ira Pohl},
  title     = {Heuristic Search Viewed as Path Finding in a Graph},
  journal   = {Artificial Intelligence},
  volume    = {1},
  number    = {3},
  year      = {1970},
  pages     = {193-204},
  bibsource = {DBLP, http://dblp.uni-trier.de}
}



@article{DBLP:journals/ai/ZhouH06,
  author    = {Rong Zhou and
               Eric A. Hansen},
  title     = {Breadth-first heuristic search},
  journal   = {Artificial Intelligence},
  volume    = {170},
  number    = {4-5},
  year      = {2006},
  pages     = {385-408},
  ee        = {http://dx.doi.org/10.1016/j.artint.2005.12.002},
  bibsource = {DBLP, http://dblp.uni-trier.de}
}

@article{DBLP:journals/ras/BennewitzBT02,
  author    = {Maren Bennewitz and
               Wolfram Burgard and
               Sebastian Thrun},
  title     = {Finding and optimizing solvable priority schemes for decoupled
               path planning techniques for teams of mobile robots},
  journal   = {Robotics and Autonomous Systems},
  volume    = {41},
  number    = {2-3},
  year      = {2002},
  pages     = {89-99}
}

@article{DBLP:journals/trob/PallottinoSBF07,
  author    = {Lucia Pallottino and
               Vincenzo Giovanni Scordio and
               Antonio Bicchi and
               Emilio Frazzoli},
  title     = {Decentralized Cooperative Policy for Conflict Resolution
               in Multivehicle Systems},
  journal   = {IEEE Transactions on Robotics},
  volume    = {23},
  number    = {6},
  year      = {2007},
  pages     = {1170-1183}
}

@incollection{DBLP:series/sci/BeniaminyYZZ09,
  author    = {Israel Beniaminy and
               Dovi Yellin and
               U. Zahavi and
               Marko Zerdin},
  title     = {When the Rubber Meets the Road: Bio-inspired Field Service
               Scheduling in the Real World},
  booktitle = {Bio-inspired Algorithms for the Vehicle Routing Problem},
  year      = {2009},
  pages     = {191-213},
  ee        = {http://dx.doi.org/10.1007/978-3-540-85152-3_9},
  bibsource = {DBLP, http://dblp.uni-trier.de}
}


@inproceedings {ddd,
author =  "Korf, R. E.",
title = "Best-first frontier search with delayed duplicate detection",
booktitle = "National Conference on Artificial Intelligence (AAAI-04)",
pages = "650-657",
year =  "2004"}

@inproceedings{DDD03,
        author="R. E. Korf",
        title="Delayed Duplicate Detection",
        booktitle="International Joint Conference on Artificial Intelligence (IJCAI-03)",
        pages= "1539--1541",
    note="Extended abstract",
        year=2003
}

@inproceedings{Dean+Boddy:1988,
        author = "Dean, T. and Boddy, Mark",
        year = "1988",
        title = "An analysis of time-dependent planning",
        booktitle = aaai88,
        pages = "49--54"
}

@article{Dechter.cspheur,
 author = {Rina Dechter and Judea Pearl},
 title = {Network-based heuristics for constraint-satisfaction problems},
 journal = {Artif. Intell.},
 volume = {34},
 issue = {1},
 month = {December},
 year = {1987},
 issn = {0004-3702},
 pages = {1--38},
 numpages = {38},
 publisher = {Elsevier Science Publishers Ltd.},
 address = {Essex, UK},
} 

@book{DEEPBLUE,
     author="Feng-Hsiung Hsu",
     title="Behind Deep Blue: Building the Computer that Defeated the World",
     publisher="Princeton University Press",
     year=2002}

@book{DEL92,
      author="A. Okabe and B. Boots and K. Sugihara",
      title= "Spatial Tessellations, Concepts, and Applications of
         {V}oronoi Diagrams",
     publisher="Wiley, Chichester",
     address="UK",
     year="1992"}


@techreport{Den73,
       author="J. B. Dennis",
       title="First Version of a Data-flow Procedure Language",
       institution="MIT lab. for Computer Science",
       address="Cambridge, MA 02139",
       journal="MAC Technical Memorandum",
       number=61,
       month="August",
       year=1973}


@inproceedings{DFVBF,
   author="W. Zhang and R. E. Korf",
       title="Depth-first vs. best-first search: New Results",
       booktitle="National Conference on Artificial Intelligence (AAAI-93)",
       pages="769-775",
       year= 1993}

@article{DIJ59,
       author="E. W. Dijkstra",
       title="A note on two problems in connexion with graphs",
       journal="{\it Numerische Mathematik}",
       volume="1",
       pages="269-271",
       year=1959}

@ARTICLE{dillenburg94,
 AUTHOR = "Dillenburg, J. F. and Nelson, P. C.",
 TITLE = "Perimeter Search",
 JOURNAL = "Artificial Intelligence",
 VOLUME = 65,
 YEAR = 1994,
 PAGES = "165-178"
}

@article{DIMACS,
title = "DIMACS Implementation Challenge: The Traveling Salesman Problem",
journal = "Avaialble at http://www.research.att.com/~dsj/chtsp/"}


@inproceedings{DinhRussellSuAAAI,
   author="Hang T. Dinh and Alexander Russell and Yuan Su",
       title="On the Value of Good Advice: The Complexity of {A}* Search with Accurate Heuristics",
       booktitle="National Conference on Artificial Intelligence (AAAI-07)",
       pages="1140--1145",
       year= 2007}

@article {disjoint,
author = "R. E. Korf and A. Felner",
title = "Disjoint pattern database heuristics",
journal = "Artificial Intelligence",
volume = "134",
number = "1--2",
year = "2002",
month = "Jan",
pages = "9--22"}




@BOOK{dixon96,
 AUTHOR = "Dixon, J. D. and Mortimer, B.",
 TITLE = "Permutation Groups",
 PUBLISHER = "Springer-Verlag",
 YEAR = 1996,
 SERIES = "Graduate Texts in Mathematics"
}

@article{domshlak-et-al:jair-2012,
  author    = {Carmel Domshlak and
               Erez Karpas and
               Shaul Markovitch},
  title     = {Online Speedup Learning for Optimal Planning},
  journal   = {JAIR},
  volume    = {44},
  year      = {2012},
  pages     = {709--755}
}
@article {Dorigo,
author = "M. Dorigo, V. Maniezzo and A. Colorni",
title = "The Ant System: Optimization by a Colony of Cooperating Agents",
journal = "IEEE Transactions on Systems, Man, and Cybernetics-Part B",
year = "1994",
volume = "26",
number = "1",
pages = "29-41"}


@article{Dorigo+Colombetti:1994,
  title={{Robot shaping: Developing autonomous agents through learning}},
  author={Dorigo, M. and Colombetti, M.},
  journal={Artificial Intelligence},
  volume={71},
  number={2},
  pages={321--370},
  year={1994}
}

@article{DOW95,
      author="R. G. Downey and M. R. Fellows",
      title= "Parameterized Computational feasibility",
     journal="P. Clote, J. Remmel (Eds.), Feasible Mathematics",
     volume=2,
     pages="219-244",
     year="1995",
     address="Birkhauser, Boston Ma."}


@article{DOW99,
      author="R. G. Downey and M. R. Fellows and U. Stege",
      title= "Parameterized Complexity: A framework for systematically
         conforting computational intractability",
     journal="DIMACS Series in Discrete Mathematics and Theoretical
         Computer Science",
     volume=49,
     year="1999"}

@article{DOWDY82,
       author="L. W. Dowdy and D. V. Foster",
       title="Comparative models of the file assignment problem",
       journal="Computing Survey",
       volume="14(2)",
       pages="289-313",
       year=1982}

@techreport{Doyle:1980,
        author = "Doyle, J.",
        year = "1980",
        title = "A model for deliberation, action, and introspection",
        institution = "Artificial Intelligence Laboratory, Massachusetts Institute of Technology",
        type = "Technical Report",
        number = "AI-TR-581",
}

@techreport{Doyle:1988,
        author = "Doyle, J.",
        year = "1988",
        title = "Artificial Intelligence and Rational Self-Government",
        institution = "Computer Science Department, Carnegie-Mellon University, Pittsburgh, PA",
        type = "Technical Report",
        number = "CMU-CS-88-124",
}

@Article{dresner2008aMultiagent,
	author="K. Dresner and P. Stone",
	title="A Multiagent Approach to Autonomous Intersection Management",
	journal = {JAIR},
	month = {March},
	year = {2008},
	volume = {31},
	pages = {591--656}
}

@inproceedings{DSTAR94,
   author = "A. Stentz",
   title =  "Optimal and Efficient Path Planning for
             Partially-Known  Environments",
   booktitle = "IEEE International Conference on Robotics and Automation",
   pages=   "3310-3317",
   year =   "1994"
}

@inproceedings{DSTAR94S,
   author = "A. Stentz",
   title =  "Optimal and Efficient Path Planning for
             Partially-Known  Environments",
   booktitle = "Proc of ICRA",
   pages=   "3310-3317",
   year =   "1994",
}


@inproceedings{DSTARLITE02,
   author="S. Koenig and M. Likhachev",
       title="D* Lite",
       booktitle="National Conference on Artificial Intelligence (AAAI-02)",
       pages="476--483",
       year= 2002
}


@inproceedings{DUAL2005,
  author    = {A. Felner and
               U. Zahavi and
               J. Schaeffer and
               R. C. Holte},
  title     = {Dual Lookups in Pattern Databases},
       booktitle="International Joint Conference on Artificial Intelligence (IJCAI-05)",
  year      = {2005},
  pages     = {103-108},
  ee        = {http://www.ijcai.org/papers/0359.pdf},
  bibsource = {DBLP, http://dblp.uni-trier.de}
}



@inproceedings{DUALAAAI06,
  author    = {U. Zahavi and
               A. Felner and
               R. C. Holte and
               J. Schaeffer},
  title     = {Dual Search in Permutation State Spaces},
       booktitle="National Conference on Artificial Intelligence (AAAI-06)",
  year      = {2006},
  pages     = {1076-1081},
  bibsource = {DBLP, http://dblp.uni-trier.de}
}

@article{DUALJUR,
  author    = {U. Zahavi and
               A. Felner and
               R. C. Holte and
               J. Schaeffer},
  title     = {Duality in permutation state spaces and the dual search
               algorithm},
  journal   = {Artificial Intelligence},
  volume    = {172},
  number    = {4--5},
  year      = {2008},
  pages     = {514--540},
  ee        = {http://dx.doi.org/10.1016/j.artint.2007.10.019},
  bibsource = {DBLP, http://dblp.uni-trier.de}
}

@article {dunkel,
author = "O. Dunkel",
title = "Editorial note concerning advanced problem 3918",
journal = "American Mathematical Monthly",
volume = "48",
year = "1941",
pages = "219"}

@inproceedings{DUP93,
   author="L. Taylor and R. E. Korf",
       title="Pruning duplicate nodes in depth-first search",
       booktitle="National Conference on Artificial Intelligence",
       pages="756--761",
       year= 1993}

@article {EAW,
author = "V. M. Yanovski and I. A. Wagner and A. M. Bruckstein",
title = "A distributed ant algorithm for efficiently patrolling a network",
journal = "Algorithmica ",
volume = "37",
year = "2003",
pages = "165-186"}


@inproceedings{edelkamp01,
 AUTHOR = "Edelkamp, S.",
 TITLE = "Planning with Pattern Databases",
 booktitle = "European Conference on Planning (ECP-01)",
 PAGES = "13--24",
 YEAR = 2001
}


@ARTICLE{edelkamp01short,
  AUTHOR = "Edelkamp, S.",
  TITLE = "Planning with Pattern Databases",
  JOURNAL = "Proc, ECP-01",
  PAGES = "13-24",
  YEAR = 2001
}


@ARTICLE{edelkamp02,
 AUTHOR = "Edelkamp, S.",
 TITLE = "Symbolic Pattern Databases in Heuristic Search Planning",
 JOURNAL = "International Conference on AI Planning and Scheduling (AIPS)",
 PAGES = "274-293",
 YEAR = 2002
}

@inproceedings{edelkamp98,
 AUTHOR = "Edelkamp, S. and Korf, R. E.",
 TITLE = "The branching factor of regular spaces",
       booktitle="National Conference on Artificial Intelligence (AAAI-98)",
 YEAR = 1998,
 PAGES = "299-304"
}


}

@book{Eiben.evolcomp,
    author = {Eiben, A. E. and Smith, J. E.},
    day = {07},
    howpublished = {Hardcover},
    isbn = {3540401849},
    keywords = {evolutionary-computation, ga-theory, genetic-algorithms},
    month = {October},
    posted-at = {2007-01-19 19:36:40},
    priority = {0},
    publisher = {Springer},
    title = {Introduction to Evolutionary Computing (Natural Computing Series)},
    year = {2008}
}

@article{EITAN93,
       author="Eithan Ephrati and Jeffrey S. Rosenschein",
       title= "Planning to Please: Following Another Agent's Intended Plan",
       journal="Group Decision and Negotiation",
       volume=2,
       number=3,
       pages="219--235",
       year= 1993}



@article{Epstein.spatial,
 author = {Epstein, Susan L. and Gelfand, Jack and Lock, Esther},
 title = {Learning Game-Specific Spatially-Oriented Heuristics},
 journal = {Constraints},
 volume = {3},
 number = {2/3},
 year = {1998},
 issn = {1383-7133},
 pages = {239--253},
 doi = {http://dx.doi.org/10.1023/A:1009734028965},
 publisher = {Kluwer Academic Publishers},
 address = {Hingham, MA, USA},
 }

@inproceedings {ETZ92,
       author="O. and S. Hanks and D. Weld and D. Draper and N. Leash and M.
Williamson",
       title= "An approach to planning with incomplete information",
       booktitle= "International Conference on Principles of Knowledge Representation and Reasoning",
       year= 1993}


@ARTICLE{evett95,
 AUTHOR = "Evett, M.P. and Hendler, J.A. and Mahanti, A. and Nau, D.",
 TITLE = "{PRA}*: Massively Parallel Heuristic Search",
 JOURNAL = "Journal of Parallel and Distributed Computing",
 VOLUME = 25,
 NUMBER = 2,
 PAGES = "133-143",
 YEAR = 1995
}


@inproceedings{Eyerich.ctp,
    author = {Patrick Eyerich and Thomas Keller and Malte Helmert},
    title = {High-quality policies for the Canadian travelers problem},
    booktitle = {In Proc. AAAI 2010},
    year = {2010},
    pages = {51--58}
}


@inproceedings{FASTR2001,
   author="R. E. Korf and W. Zhang",
       title="Divide-and-conquer frontier search applied to optimal sequence alignment,",
       booktitle="National Conference on Artificial Intelligence (AAAI-00)",
       pages="910--916",
       year= 2000}

@inproceedings{Fehling+Breese:1988,
  title={A computational model for the decision-theoretic control of problem solving under uncertainty},
  author={Fehling, M.R. and Breese, J.S.},
  booktitle={Proceedings of the Fourth Workshop on Uncertainty in Artificial Intelligence, Minneapolis, MN: AAAI},
  year={1988}
}


@phdthesis{FELNER02,
       author="A. Felner",
       title="Improving search techniques and using them on different
         environments, {Ph.D} thesis",
       school="Department of Computer Science, Bar-Ilan University",
       address="Ramat-Gan, Israel, available at http://www.ise.bgu.ac.il/facutly/felner",
       year=2002}

@inproceedings{Felner2012,
  author    = {A. Felner and
               M. Goldenberg and
               G. Sharon and
               R. Stern and
               T. Beja and
               N. R. Sturtevant and
               J. Schaeffer and
               R, Holte},
  title     = {Partial-Expansion A* with Selective Node Generation},
  booktitle = {AAAI},
  pages     = {471--477},
  year      = {2012}
}



@ARTICLE{Ferreira,
   AUTHOR = "A. Ferreira  and A. Martin  and C. C. de Souza  and
         R. Weismantel and L. A. Wolsey",
 TITLE = "The Node Capacitated Graph Partitioning Problem: A
         Computational Study",
 JOURNAL = "Math Program.",
 VOLUME = 81,
  PAGES = "229--256",
 YEAR = 1998
}

@article {frame,
author = "J. S. Frame",
title = "Solution to advanced problem 3918",
journal = "American Mathematical Monthly",
volume = "48",
year = "1941",
pages = "216-217"}


@phdthesis{Frazier:2009,
author = {Peter Frazier},
title = {Knowledge-gradient methods for statistical learning},
year = {2009},
school = {Princeton University},
}

@article{Frazier+Powell:2010,
  author = {P. Frazier and W.B. Powell}, 
  year = {2010},
  title = {Paradoxes in Learning and the Marginal Value of Information},
  journal = {Decision Analysis}
}


@article {FreyJojic.inference,
	author = {Frey, Brendan J. and Jojic, Nebojsa},
	journal = {IEEE Transactions on Pattern Analysis and Machine Intelligence},
	keywords = {message, passing},
	number = {9},
	pages = {1392--1416},
	posted-at = {2009-04-23 12:09:26},
	priority = {2},
	publisher = {IEEE Computer Society},
	title = {A Comparison of Algorithms for Inference and Learning in Probabilistic Graphical Models},
	url = {http://dx.doi.org/10.1109/TPAMI.2005.169},
	volume = {27},
	year = {2005}
}

@inproceedings{Friedman.sparsecandidate,
    author = {Nir Friedman and Iftach Nachman and Dana Peér},
    title = {Learning Bayesian Network Structure from Massive Datasets: The ``Sparse Candidate'' Algorithm},
    booktitle = {},
    year = {1999},
    pages = {206--215}
}

@article {frontier,
author = "R. E. Korf and W. Zhang and I. Thayer and H. Hohwald",
title = "Frontier search",
journal = "Journal of the JACM",
volume = "52",
number = "5",
month = "September",
year = "2005",
pages = "715-748"}


@book{garey+johnson,
   author="Garey, M.R. and D.S. Johnson",
       title="Computers and
Intractability: A Guide to the Theory of NP-Completeness",
       publisher="W.H. Freeman",
       address="New York",
   year=1979}

@inproceedings{gasching79,
 AUTHOR = "Gasching, J.",
 TITLE = "A Problem Similarity Approach to Devising Heuristics: First Results",
       booktitle="International Joint Conference on Artificial Intelligence (IJCAI-79)",
 PAGES = "301-307",
 YEAR = 1979
}


@phdthesis{Gaschnig79,
       author="J. Gaschnig",
       title="Gaschnig, J. Performance Measurement and Analysis of Certain Search Algorithms. Ph.D. Dissertation",
       school="Carnegie-Mellon University",
       address="",
       year=1979}

@phdthesis{GASSER,
       author="R. Gasser",
       title="Harnessing computational resources for efficient
         exhastive search",
       school="Swiss Federal Institute of Technology, Zurich, Switzerland",
       year=1995}


@inproceedings{Geelen.promise,
 author = {Geelen, Pieter Andreas},
 title = {Dual viewpoint heuristics for binary constraint satisfaction problems},
 booktitle = {Proc. 10th European Conf. on AI},
 series = {ECAI '92},
 year = {1992},
 isbn = {0-471-93608-1},
 location = {Vienna, Austria},
 pages = {31--35},
 numpages = {5},
 publisher = {John Wiley \& Sons, Inc.},
 address = {New York, NY, USA},
}

@article{Gelly.mogo,
 title={Exploration exploitation in {G}o: {UCT} for {M}onte-{C}arlo {G}o},
 journal={Computer},
 publisher={Citeseer},
 author={Gelly, Sylvain and Wang, Yizao},
 year={2006}
}

@article{Gelly+Silver:2008,
author = {Sylvain Gelly and David Silver},
journal = {AAAI-08},
title = {Achieving master level play in 9× 9 computer go},
year = {2008}
}

@article{Gelly+Silver:2011,
author = {Sylvain Gelly and David Silver}, 
journal = {Artificial Intelligence},
title = {Monte-Carlo tree search and rapid action value estimation in computer Go},
year = {2011},
}

@article{GEN59,
   author="R. Friedberg and B. Dunham and T. North",
       title="A learning machine",
       journal="IBM Journal of Research and Development",
       volume=3,
       pages="282-287",
       year=1959}


@article{Gent.generator,
  author    = {Ian P. Gent and
               Ewan MacIntyre and
               Patrick Prosser and
               Barbara M. Smith and
               Toby Walsh},
  title     = {Random Constraint Satisfaction: Flaws and Structure},
  journal   = {Constraints},
  volume    = {6},
  number    = {4},
  year      = {2001},
  pages     = {345-372},
  bibsource = {DBLP, http://dblp.uni-trier.de}
}


@article{Gh51,
   author="B.~Ghosh",
       title="Random distances within a rectangle and between two rectangles",
       journal="Bulletin of the Culcutta Mathematical Society",
       volume="43",
       pages="17--24",
       year= 1951
}

@article{GINSB89,
       author="M. L. Ginsberg",
       title= "Universal Planning: an (almost) universally bad idea",
       journal="AI Magazine",
       volume="10(4)",
       pages="40-44",
       year= 1987}

@article{Gittins:1979,
  title={Bandit processes and dynamic allocation indices},
  author={Gittins, J.C.},
  journal={Journal of the Royal Statistical Society. Series B (Methodological)},
  pages={148--177},
  year={1979},
  publisher={JSTOR}
}

@book{Gittins:1989,
  title={Multi-armed bandit allocation indices},
  author={J.C. Gittins},
  year={1989},
  publisher={John Wiley \& Sons}
}

@article{GM83,
   author="D. S. Nau",
       title="Pathology on game trees revisited, and an alternative to
minimaxing",
       journal="Artificial intelligence",
       volume= "21(1--2)",
       pages = "221-144",
       year=1983
   }


@inproceedings{GoldbergH05,
  author    = {Andrew V. Goldberg and
               Chris Harrelson},
  title     = {Computing the shortest path: A* search meets graph
               theory},
  booktitle = {SODA},
  year      = {2005},
  pages     = {156-165}
}



@inproceedings{Goldenberg.sparsedata,
    author = {Anna Goldenberg and Andrew Moore},
  title     = {Tractable learning of large {B}ayes net structures from sparse
               data},
  booktitle = {ICML},
  year      = {2004},
  isbn = {1-58113-828-5},
  pages = {44--51},
  location = {Banff, Alberta, Canada},
  doi = {http://doi.acm.org/10.1145/1015330.1015406},
  publisher = {ACM},
  address = {New York, NY, USA},
 }


@article{Gomes.portfolio,
  author    = {Carla P. Gomes and
               Bart Selman},
  title     = {Algorithm portfolios},
  journal   = {Artif. Intell.},
  volume    = {126},
  number    = {1--2},
  year      = {2001},
  pages     = {43--62},
  ee        = {http://dx.doi.org/10.1016/S0004-3702(00)00081-3},
  bibsource = {DBLP, http://dblp.uni-trier.de}
}


@inproceedings{Gomes.solcount,
    author = {Carla P. Gomes and Willem-jan Van Hoeve and Ashish Sabharwal and Bart Selman},
    title = {Counting {CSP} solutions using generalized {XOR} constraints},
    booktitle = {AAAI},
    year = {2007},
    pages={204--209},
}

@incollection{Good:1968,
	author = "Good, I. J.",
	year = "1968",
	title = "A five-year plan for automatic chess",
	booktitle = "Machine Intelligence 2",
	editor = "Ella Dale and Donald Michie",
	publisher = "Oliver and Boyd",
        pages = "89-118"
} 


@incollection{Good:1971,
	author = "Good, I. J.",
	year = "1971",
	title = "Twenty-seven principles of rationality",
	booktitle = "Foundations of Statistical Inference",
	editor = "Godambe, V. P. and Sprott, D. A.",
	publisher = holt,
	_address = holt-ad,
	pages = "108--141"
} 

@article {Gordon,
author = "D. M. Gordon",
title = "The Expandable Network of Ant Exploration",
journal = "Animal  Behaviour",
volume = "50",
year = "1995",
pages = "372-378"}

@article{GPPGA96,
      author="T. N. Bui and B. R. Moon",
      title= "Genetic algorithm and Graph Partitioning.",
     journal="IEEE Transactions On Computers",
     volume="45(7)",
     pages="87-101",
     year="1996"}

@article{GPPLA96,
      author="J. B. Oommen and E. V. de St. Croix",
      title= "Graph Partitioning using learning Automata.",
     journal="IEEE Transactions On Computers",
     volume="45(2)",
     pages="195-208",
     year="1995"}

@article{GPPNPHARD,
      author="M. Garey and D. Johnson and L. Stockmeyer",
      title= "Some simplefied NP-complete graph problems",
     journal="Theort. Comput. Sci.",
     volume="1",
     pages="237-267",
     year="1976"}

@article{GPPSA89,
      author="D. S. Johnson and C. R. Aragon and L. A. McGeoch and C. Schevon",
      title= "Optimization by Simulated Allealing: An Experimental
         Evaluation; Part 1, Graph Partitioning.",
     journal="Operations Research",
     volume=37,
     pages="121-133",
     year="1989"}

@article{GPPXLS91,
      author="H. Pirkul and E Rolland",
      title= "New Heuristic Solution Procedures for the Uniform Graph
         Partitioning Problem",
     journal="Computers and Operations research",
     year="1991"}

@inproceedings{GramacyLee.treegp,
    author = {Robert B. Gramacy and Herbert K. H. Lee and William G. Macready},
    title = {Parameter space exploration with Gaussian process trees},
    booktitle = {Proceedings of the International Conference on Machine Learning (pp. 353–360). Omnipress \& ACM Digital Library},
    year = {2004},
    pages = {353--360}
}

@book{Griewank+Walther:2008,
  title={{Evaluating derivatives: principles and techniques of algorithmic differentiation}},
  author={Griewank, A. and Walther, A.},
  year={2008},
  publisher={Society for Industrial and Applied Mathematics (SIAM)}
}



@inproceedings{Guestrin.graphical,
  author = {Krause,, Andreas and Guestrin,, Carlos},
  title = {Near-optimal Nonmyopic Value of Information in Graphical Models},
  booktitle = {Proceedings of the 21th Annual Conference on Uncertainty in Artificial Intelligence (UAI-05)},
  publisher = {AUAI Press},
  address = {Arlington, Virginia},
  year = {2005},
  pages = {324-33}
} 

@inproceedings{Guestrin.optimal,
    author = {Andreas Krause and Carlos Guestrin},
    title = {Optimal Nonmyopic Value of Information in Graphical Models --- Efficient Algorithms and Theoretical Limits},
    booktitle = {Proc. of IJCAI},
    year = {2005},
    pages = {1339--1345}
}

@inproceedings{Guestrin.submodular,
  author    = {Andreas Krause and Carlos Guestrin},
  title     = {Near-optimal Observation Selection using Submodular Functions},
  booktitle = {AAAI},
  year      = {2007},
  pages     = {1650-1654},
}

@ARTICLE{guida79,
 AUTHOR = "Guida, G. and Somalvico, M.",
 TITLE = "A Method for computing Heuristics in problem solving",
 JOURNAL = "Information Sciences",
 VOLUME = 19,
 PAGES = "251-259",
 YEAR = 1979
}

@inproceedings{GUNI2011,
  author    = {G. Sharon and
               R. Stern and
               M. Goldenberg and
               A. Felner},
  title     = {The Increasing Cost Tree Search for Optimal Multi-Agent
               Pathfinding},
  booktitle = {IJCAI},
  year      = {2011},
  pages     = {662-667}
}

@inproceedings{GUNISOCS2011,
  author    = {G. Sharon and
               R. Stern and
               M. Goldenberg and
               A. Felner},
  title     = {Pruning Techniques for the Increasing Cost Tree Search for
               Optimal Multi-agent Pathfinding},
  booktitle = {SOCS},
  pages	    = {150--157},
  year      = {2011}
  }

@article{Hagerup.chernoff,
 author = {Hagerup, Torben and R\"{u}b, C.},
 title = {A guided tour of {C}hernoff bounds},
 journal = {Inf. Process. Lett.},
 volume = {33},
 issue = {6},
 month = {February},
 year = {1990},
 issn = {0020-0190},
 pages = {305--308},
 numpages = {4},
 publisher = {Elsevier North-Holland, Inc.},
 address = {Amsterdam, The Netherlands, The Netherlands},
} 

@article{HANS92,
   author="O. Hansson and A. Mayer and M. Yung",
       title="Criticizing solutions to relaxed models yields
         powerful admissible heuristics",
       journal="Information Sciences",
   volume="63(3)",
       pages="207-227",
       year=1992}


@inproceedings{HansenPOMDP,
  author    = {Eric A. Hansen},
  title     = {Indefinite-Horizon POMDPs with Action-Based Termination},
  booktitle = {AAAI},
  year      = {2007},
  pages     = {1237-1242},
}

@article {hansson,
author = "O. Hansson and A. Mayer and M. Yung",
title = "Criticizing solutions to
relaxed models yields powerful admissible heuristics",
journal = "Information Sciences",
volume = "63",
number = "3",
year = "1992",
pages = "207-227"}

@inproceedings{Harada:1997,
	author = "Daishi Harada",
	year = "1997",
	title = "Reinforcement Learning with Time",
	booktitle = "Proc.\ Fourteenth National Conference on Artificial Intelligence",
	location = "Providence, Rhode Island",
	publisher = "AAAI Press",
	pages = "577--582"
}



@book{Harrop.ocaml,
	author = {Harrop, Jon D.},
	citeulike-article-id = {5139379},
	publisher = {Flying Frog Consulting Ltd.},
	isbn = {9780FLYING118},
	keywords = {functional},
	month = {May},
	posted-at = {2009-07-13 20:35:08},
	priority = {2},
	title = {OCaml for Scientists},
	year = {2007}
}

@book{Hausdoff1914HausdoffDistance,
     author="F. Hausdorf",
     title="Grundzuege der Mengenlehre",
     publisher="Viet, Leipzig",
     year=1914}

@techreport{Hay+Russell:2011,
    Author = {Hay, Nicholas and Russell, Stuart J.},
    Title = {Metareasoning for Monte Carlo Tree Search},
    Institution = {EECS Department, University of California, Berkeley},
    Year = {2011},
    Month = {Nov},
    URL = {http://www.eecs.berkeley.edu/Pubs/TechRpts/2011/EECS-2011-119.html},
    Number = {UCB/EECS-2011-119},
    Abstract = {Sequential decision problems are often approximately solvable by simulating possible future action sequences; such methods are a staple of game-playing algorithms, robot path planners, model-predictive control systems, and logistical planners in operations research. Since the 1960s, researchers have sought effective metareasoning methods for selecting which action sequences to simulate, basing their approach on some estimate of the expected improvement in decision quality resulting from any particular simulation.  Recently, this approach has been applied successfully in the context of Monte Carlo tree search, where each simulation takes the form of a randomized sequence of actions leading to a terminal state.  In particular, the UCT algorithm borrows asymptotically optimal selection rules from the theory of bandit problems and has led to a new generation of master-level Go programs such as MoGo.  We argue that, despite this success, the bandit framework is inappropriate as a basis for selecting computations.  We propose instead a theoretical framework for metareasoning that is isomorphic to the statistical framework of ranking and selection. In this framework, we describe two apparently distinct conceptual approaches to the forward search metareasoning problem and prove them to be equivalent. We derive a number of basic results applicable to simple Monte Carlo selection problems, including asymptotic regret bounds, and discuss prospects for their extension to combinatorial settings.}
}


@techreport{HayRussell.MCTS,
    Author = {Hay, Nicholas and Russell, Stuart J.},
    Title = {Metareasoning for {M}onte {C}arlo Tree Search},
    Institution = {EECS Department, University of California, Berkeley},
    Year = {2011},
    Month = {Nov},
    Number = {UCB/EECS-2011-119},
}

@inproceedings{HayRussellTolpinShimony.selecting,
  author    = {Nicholas Hay and
               Stuart Russell and
               David Tolpin and
               Solomon Eyal Shimony},
  title     = {Selecting Computations: Theory and Applications},
  booktitle = {UAI},
  year      = {2012},
  pages     = {346-355},
}

@article{Heckerman.nonmyopic,
  author = {Heckerman,, D. and Horvitz,, E. and Middleton,, B.},
  title = {An Approximate Nonmyopic Computation for Value of Information},
  journal = {IEEE Trans. Pattern Anal. Mach. Intell.},
  year = {1993},
  volume = {15},
  number = {3},
  issn = {0162-8828},
  pages = {292--298},
  publisher = {IEEE Computer Society},
  address = {Washington, DC, USA},
}

@inproceedings{Heckerman.tutorial,
 author = {Heckerman, David},
 title = {A tutorial on learning with Bayesian networks},
 booktitle = {Proceedings of the {NATO} Advanced Study Institute on Learning in graphical models},
 year = {1998},
 pages = {301--354},
 location = {Erice, Italy},
 publisher = {Kluwer Academic Publishers},
 address = {Norwell, MA, USA},
 }

@article{HeckermanVOI,
author = {D. Heckerman and E. Horvitz and B. Middleton},
title = {An Approximate Nonmyopic Computation for Value of Information},
journal = {IEEE Trans. Pattern Anal. Mach. Intell.},
volume = {15},
number = {3},
year = {1993},
issn = {0162-8828},
pages = {292--298},
doi = {http://dx.doi.org/10.1109/34.204912},
publisher = {IEEE Computer Society},
address = {Washington, DC, USA},
}

@InProceedings{helmert-domshlak:icaps-2009,
  author =       "Malte Helmert and Carmel Domshlak",
  title =        "Landmarks, Critical Paths and Abstractions:
                  {What's} the Difference Anyway?",
  pages =        "162--169",
  booktitle =    "ICAPS",
  year =         "2009"
}


@Article{helmert:jair-2006,
  author =       "Malte Helmert",
  title =        "The {Fast} {Downward} Planning System",
  journal =      "JAIR",
  year =         "2006",
  volume =       "26",
  pages =        "191--246"
}

@inproceedings {hinz,
author =  "Andreas M. Hinz",
title = "The Tower of {H}anoi",
booktitle = "Algebras and Combinatorics: Proceedings of ICAC'97",
address = "Hong Kong",
publisher = "Springer-Verlag",
year =  "1997",
pages = "277-289"}


@article{Hoeffding.ineq,
     title = {Probability Inequalities for Sums of Bounded Random Variables},
     author = {Hoeffding, Wassily},
     journal = {Journal of the American Statistical Association},
     volume = {58},
     number = {301},
     jstor_formatteddate = {Mar., 1963},
     pages = {pp. 13-30},
     ISSN = {01621459},
     language = {English},
     year = {1963},
     publisher = {American Statistical Association},
     copyright = {1963 American Statistical Association},
}


@article{Hogg.phasetrans,
 author = {Hogg, Tad and Huberman, Bernardo A. and Williams, Colin P.},
 title = {Phase transitions and the search problem},
 journal = {Artif. Intell.},
 volume = {81},
 issue = {1-2},
 month = {March},
 year = {1996},
 issn = {0004-3702},
 pages = {1--15},
 numpages = {15},
 publisher = {Elsevier Science Publishers Ltd.},
 address = {Essex, UK},
 keywords = {constraint satisfaction, phase transitions, search},
} 


@string{holt = "Holt, Rinehart, Winston"} 
@inproceedings{holte96,
 AUTHOR = "Holte, R. C. and Perez, M. B.  and Zimmer, R. M. and MacDonald, A. J.",
 TITLE = "Hierarchical {A}*: Searching Abstraction Hierarchies Efficiently",
       booktitle="National Conference on Artificial Intelligence (AAAI-96)",
 YEAR = 1996,
 PAGES = "530-535"
}

@inproceedings{holte96short,
 AUTHOR = "Holte, R. C. and Perez, M. B.  and Zimmer, R. M. and MacDonald, A. J.",
 TITLE = "Hierarchical {A}*: Searching Abstraction Hierarchies Efficiently",
       booktitle="National Conference on Artificial Intelligence (AAAI-96)",
 PAGES = "530--535",
 YEAR = 1996,
}

@ARTICLE{holteJ96,
 AUTHOR = "Holte, R. C. and Mkadmi, T. and Zimmer, R. M. and MacDonald, A. J.",
 TITLE = "Speeding Up Problem-Solving by Abstraction: A Graph-Oriented Approach",
 JOURNAL = "Artificial Intelligence",
 VOLUME = 85,
 PAGES = "321-361",
 YEAR = 1996
}

@inproceedings{HorschHavens.pac,
  author    = {Michael C. Horsch and
               William S. Havens},
  title     = {Probabilistic Arc Consistency: A Connection between Constraint
               Reasoning and Probabilistic Reasoning},
  booktitle = {UAI},
  year      = {2000},
  pages     = {282-290}
}


@inproceedings{Horvitz:1987b,
	author = "Horvitz, E. J.",
	title = "Reasoning about beliefs and actions under computational resource constraints",
	booktitle = "UAI",
	organization = "American Association for Artificial Intelligence",
	_address = "Seattle",
	month = "July",
	year = "1987",
	note = "Also in {L. Kanal, T. Levitt, and J. Lemmer, ed.,} {\em Uncertainty in Artificial Intelligence 3,} Elsevier, 1988, pps. 301-324"
} 

@inproceedings{Horvitz.bayesian,
    author = {Eric Horvitz and Yongshao Ruan and Carla Gomes and Henry Kautz and Bart Selman and Max Chickering},
    title = {A Bayesian Approach to Tackling Hard Computational Problems},
    booktitle = {Proceedings of UAI-01},
    year = {2001},
    pages = {235--244},
    publisher = {Morgan Kaufmann}
}
@inproceedings{Horvitz.proving,
    author = {Eric Horvitz and Adrian Klein},
    title = {Reasoning, Metareasoning, and Mathematical Truth: Studies of Theorem Proving under Limited Resources},
    booktitle = {Proceedings of UAI-95},
    year = {1995},
    pages = {306--314},
    publisher = {Morgan Kaufmann}
}

@inproceedings{Horvitz.reasoningabout,
  author = {Eric J. Horvitz},
  title = {Reasoning about Beliefs and Actions under Computational Resource Constraints},
  booktitle = {Proceedings of the 1987 Workshop on Uncertainty in Artificial Intelligence},
  year = {1987},
  pages = {429--444}
}


@article{Howard:1966,
author = {Ronald A Howard}, 
journal = {IEEE Transactions on Systems Science and Cybernetics},
title = {Information value theory},
year = {1966},
}

@book{Hromkovic.hard,
 author = {Hromkovic, Juraj},
 title = {Algorithmics for Hard Problems: Introduction to Combinatorial Optimization, Randomization, Approximation, and Heuristics},
 year = {2010},
 isbn = {3642079091, 9783642079092},
 publisher = {Springer-Verlag},
 address = {Berlin, Heidelberg},
}



@techreport{Hsu.dataset,
    author = {{Chih-Wei} Hsu and {Chih-Chung} Chang and {Chih-Jen} Lin},
    title = {A Practical Guide to Support Vector Classification},
    institution = {National Taiwan University},
	address = {Taipei, Taiwan},
    year = {2010}
}

@article{Hull.dataset,
 author = {Hull, J. J.},
 title = {A Database for Handwritten Text Recognition Research},
 journal = {IEEE Trans. Pattern Anal. Mach. Intell.},
 volume = {16},
 number = {5},
 year = {1994},
 issn = {0162-8828},
 pages = {550--554},
 doi = {http://dx.doi.org/10.1109/34.291440},
 publisher = {IEEE Computer Society},
 address = {Washington, DC, USA},
 }

@InProceedings{Hutter.mip,
  author =	 {F. Hutter and H.~H. Hoos and K. Leyton-Brown},
  title =	 {Automated Configuration of Mixed Integer Programming Solvers},
  booktitle = {Proc.~of CPAIOR-10},
  year =	 2010,
  note = {To appear.}
}

@inproceedings{Hutter.sat,
    author = {Frank Hutter and Youssef Hamadi and Holger H. Hoos and Kevin Leyton-Brown},
    title = {Performance prediction and automated tuning of randomized and parametric algorithms},
    booktitle = {Proc. of CP-06},
    year = {2006},
    pages = {213--228}
}

@INCOLLECTION{Hutter.spo,
  AUTHOR =       {F. Hutter and T. Bartz-Beielstein and H.H. Hoos and K. Leyton-Brown and K.P. Murphy},
  TITLE =        {Sequential Model-Based Parameter Optimisation: an Experimental Investigation of Automated and nteractive Approaches},
  BOOKTITLE =    {Empirical Methods for the Analysis of Optimization Algorithms},
  PUBLISHER =    {Springer},
  YEAR =         {2010},
  chapter =      {15},
  pages =        {361--411}
}

@article{HuynDechterPearlAIJ,
  author    = {Nam Huyn and
               Rina Dechter and
               Judea Pearl},
  title     = {Probabilistic Analysis of the Complexity of {A}*},
  journal   = {Artificial Intelligence},
  volume    = {15},
  number    = {3},
  year      = {1980},
  pages     = {241-254},
  bibsource = {DBLP, http://dblp.uni-trier.de}
}



@inproceedings{ICAPS04,
        author="R. C. Holte and  J. Newton and  A. Felner and R. Meshulam and D. Furcy",
        title="Multiple pattern databases",
        booktitle= "International Conference on Automated Planning and Scheduling (ICAPS-04)",
        pages= "122--131",
        year=2004
}

@inproceedings{ICTS2011,
  author    = {G. Sharon and
               R. Stern and
               M. Goldenberg and
               A. Felner},
  title     = {The Increasing Cost Tree Search for Optimal Multi-Agent
               Pathfinding},
  booktitle = {IJCAI},
  year      = {2011},
  pages     = {662-667}
}



@article{IDPS91,
      author="A. Mahanti and C. J. Daniels",
      title="A SIMD approach to parallel heuristic search",
      journal="Artificial Intelligence",
      volume="60(2)",
      pages="243-282",
      year=1993}

@article{IE92,
   author="S. J. Russell",
       title="Efficient memory-bounded search methods",
       journal="ECAI",
       pages={1--5},
       year= 1992
}

@inproceedings{ijcai03,
author = "R. E. Korf",
title =  "Delayed duplicate detection: Extended abstract",
booktitle = "International Joint Conference on Artificial Intelligence (IJCAI-03)",
year = "2003",
pages = "1539-1541"}


@inproceedings{ijcai07,
author = "R. E. Korf and A. Felner",
title =  "Recent progress in heuristic search: {A} case study of the Four-peg {Towers of Hanoi} problem",
booktitle = "International Joint Conference on Artificial Intelligence (IJCAI-07)",
year = "2007",
pages = "2324-2329"}

@string{ijcai89 = "Proc.\ Eleventh International Joint Conference on Artificial Intelligence"} 
@string{ijcai89-ad = "Detroit"} 
@string{ijcai89-pub = "Morgan Kaufmann"} 
@inproceedings{ijcai99,
       author="R. E. Korf",
       title="Divide-and-conquer bidirectional search: First results",
       booktitle="International Joint Conference on Artificial Intelligence (IJCAI-99)",
       pages="1184--1189",
       year= "1999"
}

@inproceedings{ILDFS97,
   author="Pedro Meseguer",
       title="Interleaved Depth-First Search ",
       booktitle="International Joint Conference on Artificial Intelligence (IJCAI-97)",
       pages="1382--1387 ",
       year=1997}

@inproceedings{ILDS96,
   author="R. E. Korf",
       title="Improved limited discrepancy search",
       booktitle="National Conference on Artificial Intelligence (AAAI-96)",
       pages="286-291",
       year= 1996}

@InProceedings{IncAStar,
  author =  "Z. Zhang and N. Sturtevant and J. Schaeffer and R.C. Holte and A. Felner",
  title =   "{A*} Search with Inconsistent Heuristics",
       booktitle="International Joint Conference on Artificial Intelligence (IJCAI-09)",
       pages= "634-639",
  year =    "2009",
}


@inproceedings{incijcai09,
   author="A. Junghanns and J. Schaeffer",
       title="Domain-dependent single-agent search enhancements",
       booktitle="International Joint Conference on Artificial Intelligence (IJCAI-99)",
       pages="570--575",
       year= 1999}
}


@article{INCJUR,
  author    = {A. Felner and
               U. Zahavi and
               R. Holte and
               J. Schaeffer and
               N. Sturtevant and
               Z. Zhang},
  title     = {Inconsistent heuristics in theory and practice},
  journal   = {Artificial Intelligence},
  volume    = {175},
  number    = {9-10},
  year      = {2011},
  pages     = {1570-1603},
}




@inproceedings{INCON2007,
  author    = {U. Zahavi and
               A. Felner and
               J. Schaeffer and
               N. R. Sturtevant},
  title     = {Inconsistent Heuristics},
       booktitle="National Conference on Artificial Intelligence (AAAI-07)",
  year      = {2007},
  pages     = {1211-1216},
  bibsource = {DBLP, http://dblp.uni-trier.de}
}




@inproceedings{IPEM88,
       author="J. Ambros-Ingerson and S. Steel",
       title="Integrating planning, execution and monitoring.",
       booktitle="National Conference on Artificial Intelligence (AAAI-88)",
       pages="735--740",
       year= 1988
}

@inproceedings{Ishida00,
   author    = "M. Shimbo and T. Isida",
   title     = "Towards Real-Time Search with Inadmissible Heuristics",
   booktitle = " European Conference on Artificial Intelligence (ECAI)",
   pages     = "609--613",
   year      = "2000"
}

@inproceedings{Ishida00short,
   author    = "M. Shimbo and T. Isida",
   title     = "Towards Real-Time Search with Inadmissible Heuristics",
   booktitle = "ECAI",
   pages     = "609--613",
   year      = "2000"
}

@ARTICLE{istvan01,
 AUTHOR = "Hern{\'a}dv{\"o}lgyi, I. T.",
 TITLE = "Searching for Macro Operators with Automatically Generated Heuristics",
 JOURNAL = "Advances in Artificial Intelligence - Proceedings of the Fourteenth Biennial Conference of the Canadian Society for Computational Studies of Intelligence (LNAI 2056)",
 YEAR = 2001,
 PAGES = "194-203"
}


@TECHREPORT{istvan99,
 AUTHOR = "Hern{\'a}dv{\"o}lgyi, I. T. and Holte, R. C.",
 TITLE = "{PSVN}: A Vector Representation for Production Systems",
 INSTITUTION = "School of Information Technology and Engineering, University of Ottawa",
 NUMBER = "TR-99-04",
 YEAR = 1999
}

@article{Iwata.submodular,
    author = {Satoru Iwata},
    title = {A Fully Combinatorial Algorithm for Submodular Function Minimization},
    journal = {J. Comb. Theory Ser. B},
    year = {2000},
    volume = {84},
    pages = {203--212}
}

  @misc{jain98stateart,
  author = "A. Jain and S. Meeran",
  title = "A state-of-the-art review of job-shop scheduling techniques",
  text = "Technical report, Department of Applied Physics, Electronic
    and Mechanical Engineering, University of Dundee, Dundee, Scotland, 1998.",
  year = "1998",
  url = "citeseer.ist.psu.edu/jain98stateart.html" }


@article{JAIRAdditiveSSA,
  author    = {F. Yang and
               J. Culberson and
               R. C. Holte and
               U. Zahavi and
               A. Felner},
  title     = {A General Theory of Additive State Space Abstractions},
        journal="JAIR",
  volume    = {32},
  year      = {2008},
  pages     = {631-662},
}

@article{JAIRPDB,
   author="A. Felner and R. E. Korf and S. Hanan",
       title="Additive pattern database heuristics",
       journal="JAIR",
       volume= 22,
       pages="279--318",
       year = 2004
   }


@article {JAIRTOBY,
author = "B. Hnich and B. Smith and T. Walsh",
title = "Dual Modelling of Permutation and Injection Problems",
journal = "JAIR",
volume = "21",
pages = "357--391",
year = "2004"}

@inproceedings{jansen2008directionMaps,
  author    = {M. Jansen and
               N. Sturtevant},
  title     = {Direction Maps for Cooperative Pathfinding},
  booktitle = {AIIDE},
  year      = {2008}
}

@article{jensen99obddbased,
   author = "R. M. Jensen and M. M. Veloso",
   title = "{OBDD}-Based Universal Planning: Specifying and Solving
Planning Problems for Synchronized Agents in Non-deterministic Domains",
   journal = "Artificial Intelligence Today, Recent Trends and Developments",
   publisher= "M.J. Wooldrige and M. Veloso (Eds.), Springer-Verlag",
   pages="212--248",
   year = "1999"}

@article{Johansson.s-curve,
  author = {Johansson,, J. K.},
  title = {Advertising and the S-Curve: A New Approach},
  journal = {Journal of Marketing Research},
  year = {1979},
  volume = {16},
  number = {3},
  month = {August},
  pages = {346-354}
}
  

@book{Johns.economics,
  author = {Johns,, K. E. and Fair,, R. C.},
  title = {Principles of Economics},
  publisher = {Prentice-Hall},
  year = {1999},
  edition = {5th}
}

@ARTICLE{Johnson,
   AUTHOR = "E. L. Johnson  and A. Mehrotra  and G. L. Nemhauser",
 TITLE = "Min-cut Clustering",
 JOURNAL = "Math Program.",
 VOLUME = 62,
  PAGES = "133--151",
 YEAR = 1993
}


@incollection{JordanWeiss.inference,
  author={Michael I. Jordan and Yair Weiss},
  title={Graphical models: probabilistic inference},
  booktitle={Handbook of Neural Networks and Brain Theory},
  edition={2nd},
  publisher={MIT Press},
  year={2002}
}

@article{JOSTLE,
      author="C. Walshaw",
      title= "Parallel {JOSTLE} userguide",
     journal="Technical Report",
     address="University of Greenwich, London ,UK",
     year="1998"}


@inproceedings{JUN99,
   author="A. Junghanns and J. Schaeffer",
       title="Domain-dependent single-agent search enhancements",
       booktitle="International Joint Conference on Artificial Intelligence (IJCAI-99)",
       pages="570--575",
       year= 1999}


@Article{JUNGER98,
 author="M. Jnger and S. Thienel",
 title="Introduction to ABACUS - A Branch-and-CUt System",
 journal="Operations Research Letters, 22(263)",
 pages =  "83--95",
 year =  "1998",
}

@article{Kaelbling:96,
author="L. P. Kaelbling and A. W. Moore",
year="1996",
title="Reinforcement Learning: A Survey",
journal="JAIR",
volume="4",
pages="237--285"}


@inproceedings{kaindl95,
 AUTHOR = "Kaindl, H. and Kainz, G. and Leeb, A. and Smetana, H.",
 TITLE = "How to Use Limited Memory in Heuristic Search",
       booktitle="International Joint Conference on Artificial Intelligence (IJCAI-89)",
 YEAR = 1995,
 PAGES = "236-242"
}

@article{KAINDL97,
    author="H. Kaindl and G. Kainz",
        title="Bidirectional heuristic search reconsidered",
        journal="JAIR",
        volume=7,
        pages="283--317",
        year= 1997}

@article{KAINDL97short,
    author="H. Kaindl and G. Kainz",
        title="Bidirectional heuristic search reconsidered",
        journal="JAIR",
        volume=7,
        pages="283--317",
        year= 1997}

  @incollection{ karger97scheduling,
    author = "D. Karger and C. Stein and J. Wein",
    title = "Scheduling algorithms",
    booktitle = "Handbook of Algorithms and Theory of Computation",
    publisher = "CRC Press",
    editor = "M. J. Atallah",
    year = "1997",
    url = "citeseer.ist.psu.edu/karger97scheduling.html" }


@ARTICLE{Karisch,
   AUTHOR = "S. E. Karisch  and F. Rendl  and J. Clausen ",
 TITLE = "Solving Graph Bisection Problems with Semidefinite Programming",
 JOURNAL = "Informs: Journal of Computing",
 VOLUME = "12(3)",
  PAGES = "177--191",
 YEAR = 2000
}



@inproceedings{karp72,
author =  "Karp, R.M.",
title = "Reducibility among combinatorial problems",
booktitle = "R. E. Miller and J.W. Thatcher (eds.), Complexity of Computer Computations",
address = "Plenum Press, New York",
pages = "85-103",
year = "1972"}


@InProceedings{karpas-domshlak:ijcai-2009,
  author =       "Erez Karpas and Carmel Domshlak",
  title =        "Cost-Optimal Planning with Landmarks",
  pages =        "1728--1733",
  booktitle =    "IJCAI",
  year =         "2009"
}

@inproceedings{Domshlak.maxornot,
  author    = {Carmel Domshlak and
               Erez Karpas and
               Shaul Markovitch},
  title     = {To Max or Not to Max: Online Learning for Speeding Up Optimal
               Planning},
  booktitle = {AAAI Conference on Artificial Intelligence},
  year      = {2010},
  ee        = {http://www.aaai.org/ocs/index.php/AAAI/AAAI10/paper/view/1629},
}

@inproceedings{Kask.solcount,
    author = {Kalev Kask and Rina Dechter and Vibhav Gogate},
    title = {Counting-Based Look-Ahead Schemes for Constraint Satisfaction},
    booktitle = {Proc. of 10th Int. Conf. on Constraint Programming (CP’04)},
    year = {2004},
    pages = {317--331}
}

@inproceedings{Katz.optimal,
    author = {Michael Katz and Carmel Domshlak},
    title = {Optimal additive composition of abstraction-based admissible heuristics},
    booktitle = {ICAPS (this volume},
    year = {2008}
}

@article{KBFS03,
        author="A. Felner and S. Kraus and R. E. Korf",
        title="{KBFS}: K-Best First Search",
        journal= "Annals of Mathematics and Artificial Intelligence",
        volume= 39,
    pages= "19--39",
        year=2003}

@article{Kearns+et+al:2002,
author = {Michael Kearns and Yishay Mansour and Andrew Y. Ng},
title = {A sparse sampling algorithm for near-optimal planning in large {M}arkov decision processes},
year = {2002},
journal = {Machine Learning}
}

@article{KEN2007,
   author="K. Anderson and J. Schaeffer and R. C. Holte",
       title="Partial Pattern Databases",
       journal="SARA-07",
       pages="128--129",
         year=2007}

@TECHREPORT{kibler,
 AUTHOR = "Kibler, D.",
 TITLE = "Natural Generation of Admissible Heuristics",
 INSTITUTION = "University of California at Irvine",
 YEAR = 1982,
 MONTH = "July",
 NUMBER = "TR-188"
}

@Article{KK82,
 author =       "N. Karmarkar and R. M. Karp",
 title =        "The differencing method of set partitioning.",
 journal =      "Technical Report, UCB/CSD 82/113",
 address=       "Computer Sceince Division, University of California,
        Berkeley, Ca",
  year =        "1982",
}

@article{KK99,
      author="K. Schloegel and G. Karypis and V. Kumar",
      title= "Graph Partitioning for High Performance Scientific
Simulations.",
     journal="CRPC Parallel Computing Handbook",
     publisher="Morgan Kaufmann",
     year="2000",
}
@article{KL70,
      author="B. Kernigham and S. Lin",
      title= "An Efficient Heiristic Procedure for Partitioning graphs.",
     journal="Bell Systems Technical J.",
     volume=49,
     pages="291-307",
     year="1970"}

@book{Kleinberg.algorithms,
 author = {Kleinberg, Jon and Tardos, Eva},
 title = {Algorithm Design},
 year = {2005},
 isbn = {0321295358},
 publisher = {Addison-Wesley Longman Publishing Co., Inc.},
 address = {Boston, MA, USA},
 }

@inproceedings{KNIGHT,
   author = "K. Knight",
   title = "Are many reactive agents better than a few deliberative ones?",
   booktitle = "International Joint Conference on Artificial Intelligence (IJCAI-93)",
   pages = "432--437",
   year = "1993"
}

@techreport{Knuth.backtrack,
 author = {Knuth, Donald E.},
 title = {Estimating the efficiency of backtrack programs.},
 year = {1974},
 source = {http://www.ncstrl.org:8900/ncstrl/servlet/search?formname=detail\&id=oai%3Ancstrlh%3Astan%3ASTAN%2F%2FCS-TR-74-442},
 institution = {Stanford University},
 address = {Stanford, CA, USA},
 }


@article{Kocsis+Szepesvari:2006,
author = {Levente Kocsis and Csaba Szepesv{\'a}ri}, 
journal = {ECML},
title = {Bandit Based Monte-Carlo Planning},
year = {2006},
}



@inproceedings{Kocsis.uct,
  author    = {Levente Kocsis and
               Csaba Szepesv{\'a}ri},
  title     = {Bandit Based {M}onte-{C}arlo Planning},
  booktitle = {ECML},
  year      = {2006},
  pages     = {282-293},
  ee        = {http://dx.doi.org/10.1007/11871842_29},
}

@ARTICLE{Koen:03,
 AUTHOR = "S. Koenig and Y. Smirnov and C. Tovey",
 TITLE = "Performance Bounds for Planning in Unknown Terrain",
 JOURNAL = "Artificial Intelligence Journal",
 VOLUME = "147",
 NUMBER= "1-2",
 PAGES = "253-279",
 YEAR = "2003"
 }


@inproceedings{Koenig05,
   author    = "M. Likhachev and S. Koenig",
   title     = "A Generalized Framework for Lifelong Planning {A}*",
        booktitle= "International Conference on Automated Planning and Scheduling (ICAPS-05)",
   pages     = "99--108",
   year      = "2005"
}

@inproceedings{Koenig05short,
   author    = "M. Likhachev and S. Koenig",
   title     = "A Generalized Framework for Lifelong Planning {A}*",
        booktitle= "International Conference on Automated Planning and Scheduling (ICAPS-05)",
   pages     = "99--108",
   year      = "2005"
}

@inproceedings{KOR294,
   author="R. E. Korf and J. Pemberton",
       title= "Incremental search algorithms for real-time decision
making",
       booktitle="International Conference on Planning",
       pages="140-145",
       year= 1994
}

@inproceedings{KOR94,
   author="R. E. Korf and W. Zhang",
       title=" Incremental random search trees",
       booktitle="AAAI-94 Workshop on Experimental Evaluation of Reasoning and Search Methods ",
       pages="15-18",
       year= 1994
}

@article{KOR95,
   author="W. Zhang and R. E. Korf",
       title="Performance of linear-space search algorithms",
       journal="Artificial Intelligence  ",
       volume=79,
       pages="241-292 ",
       year= 1995}

@inproceedings{KOR97,
   author="R. E. Korf",
       title="Finding optimal solutions to {R}ubik's Cube using pattern databases",
       booktitle="AAAI",
       pages="700--705",
       year= 1997
}

@inproceedings{KORAAAI00,
   author="R. E. Korf",
       title="Recent progress in the design and analysis of
         admissible heuristic functions",
       booktitle="National Conference on Artificial Intelligence (AAAI-00)",
       pages="1165-1170",
       year=2000}


@inproceedings{KORF04,
   author="Korf, R. E.",
       title="Best-first frontier search with delayed duplicate detection",
       booktitle="National Conference on Artificial Intelligence (AAAI-04)",
       PAGES = "650--657",
       year= 2004}


@inproceedings{KORF05,
   author="Korf, R. E.",
       title="Large scale parellel breadth-first search",
       booktitle="National Conference on Artificial Intelligence (AAAI-05)",
       PAGES = "1380-1385",
       year= 2005}


@inproceedings{Korf2009,
  author    = {Richard E. Korf},
  title     = {Multi-Way Number Partitioning},
  booktitle = {IJCAI},
  year      = {2009},
  pages     = {538-543}
  }



@inproceedings{korf97,
 AUTHOR = "Korf, R. E.",
 TITLE = "Finding Optimal Solutions to {R}ubik's {C}ube Using Pattern Databases",
       booktitle="AAAI",
 YEAR = 1997,
 PAGES = "700--705"
}


@inproceedings{korf97short,
  AUTHOR = "Korf, R. E.",
  TITLE = "Finding Optimal Solutions to {R}ubik's {C}ube Using Pattern Databases",
       booktitle="AAAI",
  YEAR = 1997,
  PAGES = "700--705"}


@inproceedings{korf98,
 AUTHOR = "Korf, R. E. and Reid, M.",
 TITLE = "Complexity Analysis of Admissible Heuristic Search",
       booktitle="National Conference on Artificial Intelligence (AAAI-98)",
 YEAR = 1998,
 PAGES = "305-310"
}


@inproceedings{KORFAAAI05,
   author="R. E. Korf and P. Schultze",
       title="Large scale parallel breadth first search",
       booktitle="National Conference on Artificial Intelligence (AAAI-05)",
       pages="1380--1385",
       year= 2005}

@ARTICLE{korfmacro,
 AUTHOR = "Korf, R. E.",
 TITLE = "Macro-operators: A weak method for learning",
 JOURNAL = "Artificial Intelligence",
 VOLUME = 26,
 YEAR = 1985,
 PAGES = "35-77"
}





@article{Korf.rta,
 author = {Korf, Richard E.},
 title = {Real-time heuristic search},
 journal = {Artif. Intell.},
 volume = {42},
 number = {2-3},
 year = {1990},
 issn = {0004-3702},
 pages = {189--211},
 doi = {http://dx.doi.org/10.1016/0004-3702(90)90054-4},
 publisher = {Elsevier Science Publishers Ltd.},
 address = {Essex, UK},
 }


@article {korfthesis,
author = "R. E. Korf",
title = "Macro-operators: A weak method for learning",
journal = "Artificial Intelligence",
volume = "26",
number = "1",
year = "1985",
pages = "35-77"}

@article{Krause.water,
author = {Andreas Krause and Jure Leskovec and Carlos Guestrin and Jeanne VanBriesen and Christos Faloutsos},
title = {Efficient Sensor Placement Optimization for Securing Large Water Distribution Networks},
journal = {Journal of Water Resources Planning and Management},
year = {2008},
volume = {134},
number = {6},
pages = {516-526},
month = {November},
wwwaward = {Winner of the Best Research Paper Award},
wwwtopic = {Sensing}
}

@article{Krautz.sat,
  author    = {Henry A. Kautz and
               Bart Selman},
  title     = {The state of {SAT}},
  journal   = {Discrete Applied Mathematics},
  volume    = {155},
  number    = {12},
  year      = {2007},
  pages     = {1514-1524},
  ee        = {http://dx.doi.org/10.1016/j.dam.2006.10.004},
  bibsource = {DBLP, http://dblp.uni-trier.de}
}


@article{Lai+Robbins:1985,
author = {T L Lai and Herbert Robbins}, 
journal = {Advances in applied mathematics},
title = {Asymptotically efficient adaptive allocation rules},
year = {1985},
}

@article{Larson.deliberation_equilibrium,
    author = {Kate Larson and Tuomas Sandholm and Tuomas S},
    title = {Bargaining with Limited Computation: Deliberation Equilibrium},
    journal = {Artificial Intelligence},
    year = {2001},
    volume = {132},
    pages = {183--217}
}

@inproceedings{LDS95,
   author="W. D. Harvey and M. L. Ginsberg",
       title="Limited discrepancy search",
       booktitle="International Joint Conference on Artificial Intelligence (IJCAI-95)",
       pages="607--613 ",
       year=1995
}

@book{ Leung2004handbookOfScheduling,
    author = "J.  Leung and J. H. Anderson",
    title = "Handbook of Scheduling",
    publisher = "CRC Press",
    year = "May 1, 2004"}

@ARTICLE{Leyton.paramils,
    author = {Frank Hutter and Holger H. Hoos and Kevin Leyton-Brown and Thomas St\"{u}tzle},
    title = {{ParamILS:} An Automatic Algorithm Configuration Framework},
  JOURNAL =      {Journal of Artificial Intelligence Research},
  YEAR =         {2009},
  volume =       {36},
  pages =        {267--306},
  month =        {October}
}

@inproceedings{Leyton.tbo,
  author =	 {F. Hutter and H.~H. Hoos and K. Leyton-Brown and K.~P. Murphy},
  title =	 {Time-Bounded Sequential Parameter Optimization},
  booktitle = {Proceedings of the Learning and Intelligent Optimization Conference (LION4)},
  year =	 2010,
  note = {To appear.}
}

@article{LGG99,
      author="E. Rolland  and H. Pirkul",
      title= "A Lagrangian Based Heuristic for Uniform Graph Partitioning",
     journal="Computers and Operations research",
     pages="87-99",
     year="1999"}

@inproceedings{li99distributed,
   author="W. Li and M. Zhang",
       title="Distributed Task Plan: A Model for Designing Autonomous
         Mobile Agents",
       booktitle="International Conference on Artificial Intelligence",
       pages="336--342",
       year= 1999}


@article{Liao.nonmyopic,
  author = {Liao,, Wenhui and Ji,, Qiang},
  title = {Efficient non-myopic value-of-information computation for influence diagrams},
  journal = {Int. J. Approx. Reasoning},
  volume = {49},
  number = {2},
  year = {2008},
  issn = {0888-613X},
  pages = {436--450},
  publisher = {Elsevier Science Inc.},
  address = {New York, NY, USA},
}


@article{Liao.sensor,
   author = {Liao, Wenhui and Ji, Qiang and Wallace, William A.},
   title = {Approximate nonmyopic sensor selection via submodularity and partitioning},
   journal = {Trans. Sys. Man Cyber. Part A},
   volume = {39},
   number = {4},
   year = {2009},
   issn = {1083-4427},
   pages = {782--794},
   doi = {http://dx.doi.org/10.1109/TSMCA.2009.2014168},
   publisher = {IEEE Press},
   address = {Piscataway, NJ, USA},
 }

@article {lincon,
author =  "O. Hansson and A. Mayer and M. Yung",
title = "Criticizing solutions to relaxed models yields powerful admissible heuristics",
journal = "Information Sciences",
volume = "63(3)",
pages = "207-227",
year =  "1992"}

@inproceedings{LIU96,
   author="B. Liu",
       title="Intelligent Route Finding: Combining Knowledge, Cases and An Efficient Search Algorithm",
       booktitle="ECAI-96",
       pages="380--384",
       year= 1996}


@incollection{LPA*,
   author="S. Koenig and M. Likhachev",
       title="Incremental {A}*",
       booktitle="Advances in Neural Information Processing Systems 14
                 (NIPS)",
       publisher="MIT Press, Cambridge, MA",
       year= 2002
}


@article{LPJUR,
   author="A. Felner and Y. Shoshani and Yaniv Altshuler and F. Bruckstein",
       title="Multi-agent Physical {A}* with Large Pheromones",
       journal="Journal of Autonomous Agents and Multi-Agent Systems",
       volume= "12(1)",
       pages="3--34",
       year="2006"
}

@book{MacKay.itp,
  author =   "David J. C. MacKay",
  title =    "Information Theory, Inference, and Learning Algorithms",
  note =   "Available from {\tt{http://www.inference.phy.cam.ac.uk/mackay/itila/}}",
publisher={Cambridge University Press},
 url="http://www.cambridge.org/0521642981",
  year =   {2003}
}

@inproceedings{Madani+et+al:2004,
  title={Active model selection},
  author={Madani, O. and Lizotte, D.J. and Greiner, R.},
  booktitle={Proceedings of the 20th conference on Uncertainty in artificial intelligence},
  pages={357--365},
  year={2004},
  organization={AUAI Press}
}

@article{Mahanti97,
  author = {A. Mahanti and S. Ghosh and D. Nau and A. Pal and L. Kanal},
  title = {On the Asymptotic Performance of {IDA*}},
  journal = {Annals of Mathematics and Artificial Intelligence},
  volume = {20},
  number = {1--4},
  year = {1997},
  pages = {161--193},
}


@inproceedings{MALTE2010,
  author    = {M. Helmert},
  title     = {Landmark Heuristics for the Pancake Problem},
  booktitle = {SOCS},
  pages     = {109--110},
  year      = {2010}
}

@phdthesis{Margaritis.phd,
  author = {D. Margaritis},
  title = {Learning Bayesian Network Model Structure from Data},
  school = {School of Computer Science, Carnegie-Mellon University},
  address = {Pittsburgh, PA},
  month = {May},
  year = {2003},
  note = {Available as Technical Report CMU-CS-03-153}
}

@phdthesis{MARZ,
       author="A. Marzetta",
       title="ZRAM: a library of parallel search algorithms and its use
       in enumeration and combinatorial optimization",
       school="Swiss Federal Institute of Technology, Zurich, Switzerland",
       year=1998}

@article{MASTR89,
   author="P. P. Chakrabarti and S. Ghose and A. Acharya and
         S. C. de Sarkar",
       title=" Heuristic search in restricted memory",
       journal="Artificial Intelligence",
       volume="41(2)",
       pages="197-221",
       year= 1989}


@article{Matheson:1968,
author = {James E Matheson}, 
journal = {Systems Science and Cybernetics},
title = {The economic value of analysis and computation},
year = {1968},
volume = 4, issue = 3, pages = "325-332"
}




@inproceedings{MaurerPontil.benrstein,
  author    = {Andreas Maurer and
               Massimiliano Pontil},
  title     = {Empirical {B}ernstein Bounds and Sample-Variance Penalization},
  booktitle = {COLT},
  year      = {2009},
  ee        = {http://www.cs.mcgill.ca/$\sim$colt2009/papers/012.pdf\#page=1},
}

@inproceedings{Meisels.solcount,
    author = {Amnon Meisels and Solomon Eyal Shimony and Gadi Solotorevsky},
    title = {Bayes Networks for Estimating the Number of Solutions to a {CSP}},
    booktitle = {Proc. of the 14th National Conference on AI},
    year = {1997},
    pages = {179--184}
}

@ARTICLE{mero84,
 AUTHOR = "L. Mero",
 TITLE = "A Heuristic Search Algorithm with Modifiable Estimate",
 JOURNAL = "Artificial Intelligence",
 VOLUME="23",
 YEAR = 1984,
 PAGES = "13-27"
}

@article{METIS,
      author="G. Karypis and V. Kumar",
      title= "A fast and high quality multilevel scheme for
         partitioning irregular graphs",
     journal="Technical Report",
     volume="95-035",
     address="Dept. Computer Science, Univ. Minnesota, Minneapolis, MN",
     year="1995"}


@inproceedings{Mnih.bernstop,
 author = {Mnih, Volodymyr and Szepesv\'{a}ri, Csaba and Audibert, Jean-Yves},
 title = {Empirical {B}ernstein stopping},
 booktitle = {Proceedings of the 25th international conference on Machine learning},
 series = {ICML '08},
 year = {2008},
 isbn = {978-1-60558-205-4},
 location = {Helsinki, Finland},
 pages = {672--679},
 numpages = {8},
 publisher = {ACM},
 address = {New York, NY, USA},
} 

@article{MonmaSidney.sequencing,
  author    = {Clyde L. Monma and Jeffrey B. Sidney},
  title     = {Sequencing with Series-Parallel Precedence Constraints} ,
  journal   = {Mathematics of Operations Research},
  volume    = {4},
  number    = {3},
  year      = {1979},
  month     = {August},
  pages     = {215-224}
}

@inproceedings{mostow89,
 AUTHOR = "Mostow, J. and Prieditis, A.",
 TITLE = "Discovering Admissible Heuristics by Abstracting and Optimizing: A Transformational Approach",
       booktitle="International Joint Conference on Artificial Intelligence (IJCAI-89)",
 PAGES = "701-707",
 YEAR = 1989
}


@inproceedings{MREC89,
   author="A. Sen and A. Bagchi",
       title="Fast recursive formulations for best-first search that
         allow controlled use of memory",
       booktitle="International Joint Conference on Artificial Intelligence (IJCAI-89)",
       pages="297-302",
       year= 1989
}

@inproceedings{MUL07,
       author="S. Edelkamp and P. Kissmann",
       title="Externalizing the Multiple Sequence Alignment Problem with Affine Gap Costs",
       booktitle="German Conference on Artificial Intelligence (KI), LNCS 4467",
       pages="444--447",
       year=2007}

@ARTICLE{MultiAgentBiology1,
  AUTHOR =       {R.C.Arkin and T.Balch},
  TITLE =        {AuRA: Principles and Practice in Review},
  JOURNAL =      {Journal of Experimental and Theoretical Artificial
Intelligence},
  YEAR =         {1997},
  volume =       {9},
  number =       {2/3},
  pages =        {175--188},
}

@inproceedings {Munagala+Ranade,
author = "K. Munagala and A. Ranade",
title = "I/O Complexity of graph algorithms",
booktitle = "Annual Symposium on Discrete Algorithms",
publisher = "ACM-SIAM",
year = "1999",
pages = "687-694"}

@article{MYMSCTHESIS,
       author="A. Felner",
       title="Searching for alternative plan, {MSc} thesis",
       journal="Department of Computer Science, Hebrew University, Jerusalem,
                        Israel,available at http://www.cs.biu.ac.il/\~felner",
       year=1995}

@article {myrvold+ruskey,
author =  "W. Myrvold and F. Ruskey",
title = "Ranking and unranking permutations in linear time",
journal = "Information Processing Letters",
volume = "79",
pages = "281-284",
year =  "2001"}


@article{NASL78,
       author="D. McDermott",
       title= "Planning and acting",
       journal= "Cognitive Science",
       volume="2(2)",
       pages="72-109",
       year= 1978}

@article{NATHANS,
  author={N. Sturtevant},
  title={Benchmarks for Grid-Based Pathfinding},
  journal={Transactions on Computational Intelligence and AI in Games},
  volume={},
  number={},
  pages={},
  year={2012}
}


@misc{NATHANSo,
author="N. Sturtevant",
year="2010",
title="Pathfinding Benchmarks",
note="Available at http://movingai.com/benchmarks"}


@inproceedings{NEWANTS04,
       author="A. Felner and Yaron Shoshani and Israel A.
                 Wagner and Alfred M. Bruckstein ",
       title="Large Pheromones: A Case Study with Multi-agent Physical {A}*",
       booktitle="Forth International Workshop on Ant Colony Optimization
             and Swarm Intelligence. (ANTS 2004)",
       pages="366-373",
       year=2004
}

@BOOK{newAnts1,
  AUTHOR =       {B. Houmlldobler and E.O. Wilson},
  TITLE =        {The ants},
  PUBLISHER =    {Springer},
  YEAR =         {1990},
  address =      {Berlin},
}

@ARTICLE{newAnts2,
  AUTHOR =       {S. Goss and S. Aron and J.L. Deneubourg and J.M. Pasteels},
  TITLE =        {Self-organized shortcuts in the argentine ant},
  JOURNAL =      {Naturwissenschaften},
  YEAR =         {1989},
  volume =       {76},
  pages =        {579--581},
}

@ARTICLE{newAnts3,
  AUTHOR =       {R. Beckers and J.L. Deneubourg and S. Goss},
  TITLE =        {Trails and U-turns in the selection of the shortest path by
the ant Lasius Niger},
  JOURNAL =      {Journal of Theoretical Biology},
  YEAR =         {1992},
  volume =       {159},
  pages =        {397--415},
}

@article{NEWGPP,
         author="A. Felner",
         title="Solving the Graph-Partitioning Problem with Heuristic Search",
         journal= "Annals of Mathematics and Artificial Intelligence",
         volume= 67,
     pages= "19--39",
         year=2006}



@techreport{NEWPDBS2012,
author = { E. L. Schreiber and R. E. Korf},
title = { Locality-Preserving Pattern Databases},
number = {120010},
institution = {Department of Computer Science, University of
California, Los Angeles},
month = {April},
year = {2012}
}



@INPROCEEDINGS{Ng01predictinginternet,
    author = {T. S. Eugene Ng and Hui Zhang},
    title = {Predicting Internet Network Distance with Coordinates-Based Approaches},
    booktitle = {In INFOCOM},
    year = {2001},
    pages = {170--179}
}



@inproceedings{Ng+al:1999,
	author = "Ng, Andrew Y. and Harada, Daishi and Russell, Stuart J.",
	year = "1999",
	title = "Policy invariance under reward transformations: {T}heory and application to reward shaping",
	booktitle = {Proc.\ Sixteenth International Conference on Machine 	
	Learning},
	location = "Bled, Slovenia",
	publisher = "Morgan Kaufmann"
} 


@Article{NIED99,
 author="R. Niedermeier and P. Rossmanith",
 title="Upper Bounds for Vertex Cover Further Improved",
 journal="Lecture Notes in Computer Science",
 volume =  "1563",
 pages =  "561--570",
 year =  "1999",
}
@BOOK{nilsson98,
  AUTHOR = "Nils Nilsson",
  TITLE = "Artificial Intelligence: A New Synthesis",
  PUBLISHER = "Morgan Kaufmann",
  YEAR = 1998
}

@book{NPC79,
      author="M. R. Garey and D. S. Johnson",
      title= "Computers and Intractability: A Guide to the Theory of {NP}-Completeness",
      publisher = "W. H. Freeman",
      address = "San Francisco, CA",
     year="1979"}

@inproceedings{NPC86,
  author    = {D.  Ratner and M. Warrnuth},
  title     = {Finding a Shortest Solution for the {N $\times$ N} Extension
               of the 15-PUZZLE Is Intractable},
       booktitle="AAAI-86",
  year      = {1986},
  pages     = {168-172}
}

@inproceedings{OCTREE02,
   author="M. McNaughton and P. Lu and J. Schaeffer and D. Szafron",
       title="Memory Efficient {A}* Heuristics for Multiple Sequence Alignment",
       booktitle="National Conference on Artificial Intelligence (AAAI-02)",
       pages="737--743",
       year= 2002}

@inproceedings{OPT24,
   author="R. E. Korf and L. Taylor",
       title="Finding optimal solutions to the twenty-four puzzle",
       booktitle="National Conference on Artificial Intelligence (AAAI-96)",
       pages="1202--1207",
       year=1996
}

@inproceedings{PadulaGumbertLi.aerospace,
  author = {Padula, Sharon and Gumbert, Clyde and Li, Wu},
  title = {Aerospace Applications of Optimization under Uncertainty},
  booktitle = {ISUMA '03: Proceedings of the 4th International Symposium on Uncertainty Modelling and Analysis},
  year = {2003},
  isbn = {0-7695-1997-0},
  pages = {286},
  publisher = {IEEE Computer Society},
  address = {Washington, DC, USA},
  }

@ARTICLE{pancake,
 AUTHOR = "Dweighter, H.",
 TITLE = "Problem E2569",
 JOURNAL = "American Mathematical Monthly",
 VOLUME = 82,
 YEAR = 1975,
 PAGES = "1010"
}
@article{PAP96,
      author="C. H. Papadimitriou and M. Yannakakis",
      title= "On limited nondeterminism and the complexity of the {V-C}
         dimention",
     journal="J. Comput. System Sci",
     volume=53,
     pages="161-170",
     year="1996",}

@book{PAPA80,
     author="C. H. Papapdimitriou  and K. Steiglitz",
     title="Combinatorial Optimization: Algorithms and Complexity",
     publisher="Prentice Hall",
     year=1980}

@book{papadimitriou,
   author="C. H. Papadimitriou and K. Steiglitz",
       title="Combinatorial Optimization: Algorithms and Complexity",
       publisher="Prentice-Hall",
       address="Englewood Cliffs, N.J.",
   year=1982}

@article{PARTY,
      author="R. Preis and R. Diekmann",
      title= "{PARTY} - a software library for graph partitioning",
     journal="Technical Report",
     address="University of Paderborn",
     year="1997"}

@inproceedings{PASTAR2000,
  author    = {Takayuki Yoshizumi and
               Teruhisa Miura and
               Toru Ishida},
  title     = {A$^{\mbox{*}}$ with Partial Expansion for Large Branching Factor
               Problems},
  booktitle = {AAAI},
  year      = {2000},
  pages     = {923-929},
  crossref  = {DBLP:conf/aaai/2000},
  bibsource = {DBLP, http://dblp.uni-trier.de}
}


@article{PAT96,
       author="J. C. Cullberson and J. Schaeffer",
       title= "Pattern databases",
       journal= "Computational Intelligence",
   volume="14(3)",
      pages="318-334",
      year= 1998}

@article{Patrick92,
       author="B. Patrick and M. Amulla and M. Newborn",
       title="An upper bound on the time complexity of iteratively-deepening {A}*",
       journal="International Journal of Artificial Intelligence and Mathematics",
       volume="5",
       pages="265--277",
       year=1992}

@article{pattern,
author = "J. Culberson and J. Schaeffer",
title = "Pattern databases",
journal = "Computational Intelligence",
volume = "14",
number = "3",
pages = "318--334",
year = "1998"}


@TECHREPORT{pdb94,
 AUTHOR = "Culberson, J. C. and Schaeffer, J.",
 TITLE = "Efficiently Searching the 15-Puzzle",
 INSTITUTION = "Department of Computer Science, University of Alberta",
 YEAR = 1994
}

@ARTICLE{pdb96,
 AUTHOR = "Culberson, J. C. and Schaeffer, J.",
 TITLE = "Searching with Pattern Databases",
 JOURNAL = "Advances in Artificial Intelligence",
 NOTE = "LNAI 1081",
 YEAR = 1996,
 PAGES = "402-416",
 PUBLISHER = "Springer"
}


@ARTICLE{pdb98,
 AUTHOR = "Culberson, J. C. and Schaeffer, J.",
 TITLE = "Pattern Databases",
 JOURNAL = "Computational Intelligence",
 YEAR = 1998,
 volume = "14",
 number = "3",
 PAGES = "318--334"
}




@article{PDFS93,
   author="V. N. Rao and V. Kumar",
       title="On the efficiency of parallel backtracking",
       journal="IEEE Transactions on parallel and distributed systems",
       volume= 4,
       pages="427--437",
       year=1993}

@inproceedings{PEA2000,
  author    = {Takayuki Yoshizumi and
               Teruhisa Miura and
               Toru Ishida},
  title     = {A$^{\mbox{*}}$ with Partial Expansion for Large Branching Factor
               Problems},
  booktitle = {AAAI},
  year      = {2000},
  pages     = {923-929}
}




@BOOK{pearl,
 AUTHOR = "Pearl, J.",
 TITLE = "Heuristics: Intelligent Search Strategies for Computer Problem Solving",
 PUBLISHER = "Addison-Wesley",
 YEAR = 1984
}


@book{Pearl.PRIS,
  author = {Pearl,, Judea},
  title = {Probabilistic reasoning in intelligent systems: networks of plausible inference},
  year = {1988},
  isbn = {0-934613-73-7},
  publisher = {Morgan Kaufmann Publishers Inc.},
  address = {San Francisco, CA, USA},
}

@inproceedings{PENGI87,
       author="P. E. Agre and D. Chapman",
       title="Pengi: an implementation of a theory of activity",
       booktitle="International Joint Conference on Artificial Intelligence (IJCAI-87)",
       pages="268--272",
       year= 1987
}

@article{PERL83,
       author="R. Karp and J. Pearl",
       title="Searching for an optimal path in a tree with random costs",
       journal="Artificial Intelligence",
       volume="21(1--2)",
       pages="99-116",
       year=1983}


@inproceedings{PHA2002,
   author="A. Felner and R. Stern and S. Kraus",
       title="{PHA}*: {P}erforming {A}* in Unknown Physical Environments",
       booktitle="International Joint Conference on Autonomous Agents and Multi-Agent Systems",
       pages="240--247",
       year= 2002
}

@article{PHAJUR,
   author="A. Felner and R. Stern and A. Ben-Yair and S. Kraus
         and N. Netanyahu",
       title="PH{A}*: Finding the Shortest Path with  {A}* in Unknown Physical Environments",
       journal="JAIR",
       volume= 21,
       pages="631-679",
       year=2004
   }

@article{PIDA91,
   author="C. Powley and R. E. Korf",
       title="Single-agent parallel window search",
       journal="IEEE Transactions on Pattern Analysis and Machine
Intelligence",
       volume=13,
       number=5,
   pages="466-477",
       year=1991}

@inproceedings{Pineau,
author = "J.~Pineau and G.~Gordon and S.~Thrun",
title = {Point-Based Value Iteration: An Anytime Algorithm for {POMDP}s},
month = "August",
year = "2003",
       booktitle="International Joint Conference on Artificial Intelligence (IJCAI-03)",
pages = "1025 - 1032"
}

@article{PLANEX72,
       author="R. E. Fikes, P. E. Hart and N. J. Nilsson",
       title= " Learning and executing generalized robot plans.",
       journal= "Artificial Intelligence",
       volume="3(4)",
       pages="189-208",
       year= 1972}

@article{PLANREUSE95,
   author = "B. Nebel and J. Koehler",
   title = "Plan reuse versus plan generation",
   journal = "Artificial Intelligence",
   volume =  "76",
   pages = "427--454",
   year = "1995"
}




@article{Pohl71,
  author    = {Ira Pohl},
  title     = {B-directional search},
  journal   = {Machine intelligence},
  volume    = {6},
  year      = {1971},
  pages     = {127-140},
}

@article{Pohl77,
  author    = {Ira Pohl},
  title     = {Practical and theoretical considerations in heuristic
search algorithms},
  journal   = {Machine intelligence},
  volume    = {8},
  year      = {1977},
  pages     = {55-72},
}


@article{PRA95,
   author="M. Evett and J. Hendler and A. Mahanti and D.S. Nau",
       title="{PRA}*: Massively Parallel Heuristic Search",
       journal="Journal of Parallel and Distributed Computing",
       volume= "25(2)",
       pages="92-103",
       year=1995}

@inproceedings{PRED08,
  author    = {U. Zahavi and
               A. Felner and
               N. Burch and
               R. C. Holte},
  title     = {Predicting the Performance of {IDA*} with Conditional Distributions},
  booktitle = "National Conference on Artificial Intelligence (AAAI-2008)",
  year      = {2008},
  pages     = {381-386},
  bibsource = {DBLP, http://dblp.uni-trier.de}
}


@inproceedings{PREDAAAI08,
  author    = {U. Zahavi and
               A. Felner and
               N. Burch and
               R. C. Holte},
  title     = {Predicting the Performance of {IDA}* with Conditional Distributions},
       booktitle="National Conference on Artificial Intelligence (AAAI-08)",
  year      = {2008},
  pages     = {381-386},
  bibsource = {DBLP, http://dblp.uni-trier.de}
}






@article{predjair,
  author    = {U. Zahavi and
               A. Felner and
               N. Burch and
               R. C. Holte},
  title     = {Predicting the Performance of {IDA}* (with {BPMX}) with Conditional Distributions},
  journal = "JAIR",
volume = "37",
pages = "41--83",
year = "2010"}
}


@ARTICLE{pried95,
 AUTHOR = "Prieditis, A. and Davis, R.",
 TITLE = "Quantitatively relating abstractness to the accuracy of admissible heuristics",
 JOURNAL = "Artificial Intelligence",
 VOLUME =  74,
 PAGES = "165-175",
 YEAR = 1995
}

@ARTICLE{prieditis,
 AUTHOR = "Prieditis, A. E.",
 TITLE = "Machine Discovery of Effective Admissible Heuristics",
 JOURNAL = "Machine Learning",
 VOLUME = 12,
 YEAR = 1993,
 PAGES = "117-141"
}

@inproceedings{Protal2010,
  author    = {M. Goldenberg and
               A. Felner and
               N. R. Sturtevant and
               J. Schaeffer},
  title     = {Portal-Based True-Distance Heuristics for Path Finding},
  booktitle = {Second International Symposium on Combinatorial Search (SoCS},
  year      = {2010}
}

@inproceedings{PROV91,
   author="C. J. H. MacDiarmid and G. M. A. Provan",
       title="An expected cost analysis of backtracking and
         non-backtracking algorithms",
       booktitle="International Joint Conference on Artificial Intelligence (IJCAI-91)",
       pages="173-177 ",
       year= 1991}

@article{PS95,
       author="J. F. Dillenburg and P. C. Nelson",
       title= "Perimeter Search",
       journal="Artificial Intelligence",
       volume=65,
       pages="165-178",
       year= 1994}

@book{Puterman,
author = {M.~Puterman},
title = {Markov Decision Processes},
publisher = {Wiley},
address = {New York},
year = {1994}
}

@book{Puterman:1994,
  title={Markov decision processes: Discrete stochastic dynamic programming},
  author={Puterman, M.L.},
  year={1994},
  publisher={John Wiley \& Sons, Inc.}
}


@inproceedings{PUZ1566,
   author="J. E. Doran and D. Michie",
       title= "Experiments with the graph traverser program",
       booktitle="Proceedings of the Royal Society A",
       pages="235-259",
       volume=294,
       year= 1966}

@article{PUZ15A89,
   author="H. W. Davis and A. Bramanti-Gregor and J. Wang",
       title="The advantages of using depth and breadth components in
heuristic
search ",
       journal="Methodologies for Intelligent systems 3",
       editor= "Z.W. Ras and L. Saitta",
       pages="19-28",
       year=1989
}

@article{PUZ99,
   author="R. E. Korf",
       title="Sliding-tile puzzles and {R}ubik's {C}ube in {AI} research",
       journal="IEEE Intelligent Systems",
       volume="14",
       pages= "8--12",
       month="November",
       year= 1999
}


@techreport{QHULL,
     author="C. B. Barber and D. P. Dobkin and H. Huhdanpaa",
     title= "The {Q}uickhull algorithm for convex hull",
     institution= "Geometry Center Technical Report GCG53",
     address= "University of Minnesota",
     year="1993"}


@inproceedings{Radovilsky.oss,
  author    = {Yan Radovilsky and
  Solomon Eyal Shimony},
  title     = {Observation Subset Selection as Local Compilation of Performance
  Profiles},
  booktitle = {UAI},
  year      = {2008},
  pages     = {460-467},
}

@article{RBFS93,
   author="R. E. Korf",
       title=" Linear-space best-first search",
       journal="Artificial Intelligence",
       volume="62(1)",
       pages="41--78",
       year= 1993}



@inproceedings{Refalo.impact,
  author    = {Philippe Refalo},
  title     = {Impact-Based Search Strategies for Constraint Programming},
  booktitle = {CP},
  year      = {2004},
  pages     = {557-571},
  publisher = {Springer}
}


@article{REPL191,
       author="Martha Pollack",
       title= "Overloading Intention for Efficient Practical Reasoning",
       journal="Nous",
       volume="25",
       number="4",
       pages="513-536",
       year= 1991}


@article{REPL295,
       author="Bernhard Nebel and Jana Koehler",
       title= "Plan Reuse versus Plan Generation",
       journal=" Artificial Intelligence",
       volume=84,
       year= 1995}

@article{REPL392,
       author="Subbarao Kambhampati",
       title= "A validation structured base theory of plan modification and reuse",
       journal="Artificial Intelligence",
       volume="55(2-3)",
       pages="1-64",
       year= 1992}

@inproceedings{REPLAN2000,
   author="O. Brock  and K. Oussama",
       title="Real-Time Replanning in High-Dimensional Configuration Spaces Using Sets of Homotopic Paths",
       booktitle="IEEE International Conference on Robotics and Automation",
       pages="550--555",
       address="San Francisco, USA",
       year= 2000}




@ARTICLE{REPULSION-ATTRACTION,
 author =       "Y. Kitamura and K. Teranishi and S. Tatsumi",
 title =        "Organizational strategies for multi-agent real-time search",
 journal =      "International Conference on Multi-Agent Systems",
 pages =        "409--416",
 year =         "1996",
}

@article{reve,
   author="A. van de Liefvoort",
       title="An iterative algorithm for the {R}eve's Puzzle",
       journal="The Computer Journal",
       volume= "35(1)",
       pages = "91--92",
       year=1992
   }

@TECHREPORT{RIP,
  AUTHOR =       {G. Malkin},
  TITLE =        {RIPng Protocol Applicability Statement},
  INSTITUTION =  {IETF Network Working Group},
  YEAR =         {1997},
  type =         {RFC},
  number =       {2081},
  month =        {January},
}

@article{Rish.adaptive,
	author = {Rish, I. and Brodie, M. and Ma, Sheng and Odintsova, N. and Beygelzimer, A. and Grabarnik, G. and Hernandez, K.},
	journal = {Neural Networks, IEEE Transactions on},
	keywords = {active-learning, belief-propagation},
	number = {5},
	pages = {1088--1109},
	posted-at = {2007-04-24 21:22:31},
	priority = {2},
	title = {Adaptive diagnosis in distributed systems},
	url = {http://dx.doi.org/10.1109/TNN.2005.853423},
	volume = {16},
	year = {2005}
}
@inproceedings{Rish.efficient,
  author    = {Alice X. Zheng and
               Irina Rish and
               Alina Beygelzimer},
  title     = {Efficient Test Selection in Active Diagnosis via Entropy
               Approximation},
  booktitle = {UAI},
  year      = {2005},
  pages     = {675-682},
  ee        = {http://uai.sis.pitt.edu/displayArticleDetails.jsp?mmnu=1{\&}smnu=2{\&}article_id=1211{\&}proceeding_id=21},
}


@inproceedings{ROADMAP-A*,
 author =       "L. Shmoulian and E. Rimon",
 title =        "Roadmap-{A}*: {A}n Algorithm for Minimizing Travel
         Effort in Sensor Based Mobile Robot Navigation",
 booktitle =    "IEEE International Conference on Robotics and Automation",
 pages =        "356--362",
 year =         "1998"
}

@article{Robbins:1952,
author = {Herbert Robbins},
title = "Some aspects of the sequential design of experiments",
year = 1952,
journal = {Bulletin of the American Mathematical Society},
volume = 58,
pages = "527-535"
}


@inproceedings{robistvan,
 AUTHOR = "Holte, R. C. and Hern{\'a}dv{\"o}lgyi, I. T.",
 TITLE = "A Space-Time Tradeoff for Memory-Based Heuristics",
       booktitle="National Conference on Artificial Intelligence (AAAI-99)",
 YEAR = 1999,
 PAGES = "704-709"
}

@techreport{robistvan04,
  AUTHOR = "R. C. Holte and Istvan T. Hern{\'a}dv{\"o}lgyi",
        title="Steps Towards the Automatic Creation of Search Heuristics",
        institution="Computing Science Department, University of Alberta",
        address="Edmonton, Canada T6G 2E8",
        number="TR04-02",
        year=2004}



@article{ROBOTS04,
        author="W. Burgard and M. Moors and C. Stachniss and F. Schneider",
        title="Coordinated Multi-Robot Exploration",
        journal="IEEE Transactions on Robotics",
        year=2005}

@MISC{Rock00randomizedkinodynamic,
    author = {Kindel Rock and Robert Kindel and Jean-Claude Latombe and Stephen Rock and David Hsu and Robert Jean-claude and Latombe Stephen},
    title = {Randomized Kinodynamic Motion Planning with Moving Obstacles},
    year = {2000}
}


@book{RONYTHESIS,
       author="R. Stern",
       title="Optimal Path Search in Unknown Physical Enviroments",
       publisher = "M.Sc. Thesis, Department of Computer Science,
                   Bar-Ilan University, Israel; available on
                   http://www.cs.biu.ac.il/$\sim$felner",
       year= "2001"
}


@article{RTA*,
   author = "R. E. Korf",
   title = "Real-Time Heuristic Search",
   journal = "Artificial Intelligence",
   volume = "42(3)",
   pages = "189--211",
   year = "1990"
}

@inproceedings{rubik,
   author="Korf, R. E.",
       title="Finding optimal solutions to {R}ubik's Cube using pattern databases",
       booktitle="AAAI",
       pages="700-705",
       year= 1997}

@article{Russell:1997,
  title={Rationality and intelligence},
  author={Stuart Russell},
  journal={Artificial intelligence},
  volume={94},
  number={1-2},
  pages={57--77},
  year={1997},
  publisher={Elsevier}
}


@ARTICLE{russell92,
 AUTHOR = "Russell, S.",
 TITLE = "Efficient Memory-Bounded Search Methods",
 JOURNAL = "European Conference on Artificial Intelligence (ECAI-92)",
 YEAR = 1992,
 PAGES = "1-5",
 PUBLISHER = "Wiley"
}

@book{Russell.aima,
  author = {Russell, Stuart J. and Norvig, Peter},
  isbn = {0137903952},
  keywords = {ai, books},
  posted-at = {2006-08-09 11:54:13},
  publisher = {Pearson Education},
  title = {Artificial Intelligence: A Modern Approach},
  url = {http://portal.acm.org/citation.cfm?id=773294},
  year = {2003}
}

@article{Russell.bounded,
  author = {Stuart J. Russell and Devika Subramanian},
  title = {Provably bounded-optimal agents},
  journal = {Journal of Artificial Intelligence Research},
  year = {1995},
  volume = {2},
  pages = {575-609}
}

@inproceedings{Russell.gametree,
  author    = {Stuart J. Russell and
               Eric Wefald},
  title     = {On Optimal Game-Tree Search using Rational Meta-Reasoning},
  booktitle = {Proc. of IJCAI},
  year      = {1989},
  pages     = {334-340},
  bibsource = {DBLP, http://dblp.uni-trier.de}
}

@book{Russell.right,
  author = {Russell,, Stuart and Wefald,, Eric},
  title = {Do the right thing: studies in limited rationality},
  year = {1991},
  isbn = {0-262-18144-4},
  publisher = {MIT Press},
  address = {Cambridge, MA, USA},
}

@techreport{Russell+Wefald:1988a,
	author = {Stuart J. Russell and Eric H. Wefald},
	title = {Decision-theoretic control of search:
                 {G}eneral theory and an application to game-playing},
	institution = {Computer Science Division, University of California, Berkeley},
        number = {UCB/CSD 88/435},
	year = 1988
} 

@inproceedings{Russell+Wefald:1988b,
	author = {Stuart J. Russell and Eric H. Wefald},
        year = 1988,
        title = "Multi-Level Decision-Theoretic Search",
        booktitle = "Proceedings of the AAAI Spring Symposium Series on Computer Game-Playing", 
        address = "Stanford, California",
        publisher = "AAAI"
}

@inproceedings{Russell+Wefald:1989,
	author = "Russell, Stuart J. and Wefald, Eric H.",
	year = "1989",
	title = "On optimal game-tree search using rational meta-reasoning",
	booktitle = ijcai89,
	address = ijcai89-ad,
	publisher = ijcai89-pub,
	pages = "334--340"
} 


@book{Russell+Wefald:1991a,
author = {Stuart Russell and Eric Wefald},
title = {Do The Right Thing},
year = {1991},
publisher = {The {MIT} Press},
}

@article{Russell+Wefald:1991b,
author = {Stuart Russell and Eric Wefald}, 
journal = {Artificial Intelligence},
title = {Principles of metareasoning},
year = {1991},
}

@article{ryan2008exploiting,
   author="M. Ryan",
       title="Exploiting Subgraph Structure in Multi-Robot Path Planning",
       journal="JAIR",
       volume= 31,
       pages="497--542",
       year = 2008
   }

@inproceedings{Sabin.mac,
    author = {Daniel Sabin and Eugene C. Freuder},
    title = {Understanding and Improving the {MAC} Algorithm},
    booktitle = {3rd Int. Conf. on Principles and Practice of Constraint Programming, LNCS 1330},
    year = {1997},
    pages = {167--181},
    publisher = {Springer}
}

@article{Sahinidis2004,
  author = {Sahinidis, Nikolaos V.},
  journal = {Computers and Chemical Engineering},
  keywords = {qoi},
  pages = {971--983},
  posted-at = {2009-05-29 02:41:38},
  priority = {0},
  title = {Optimization under uncertainty: State-of-the-art and opportunities},
  url = {http://citeseerx.ist.psu.edu/viewdoc/summary?doi=10.1.1.93.7597},
  volume = {28},
  year = {2004}
}

@inproceedings{SamadiECAI08,
  author    = {M. Samadi and
               M. Siabani and
               A. Felner and
               R.C. Holte},
  title     = {Compressing Pattern Databases using Learning},
  booktitle = {European Conference on Artificial Intelligence (ECAI-08)},
  year      = {2008},
  pages     = {495 - 499},
}

@inproceedings{SARA05,
   author="A. Felner and A. Adler",
       title="Solving the 24-Puzzle with Instance Dependent Pattern databases",
       booktitle="SARA-05",
       pages="248--260",
       year= 2005}


@article {SARA2000,
author = "I. Hern{\'a}dv{\"o}lgyi and R. C. Holte ",
title = "Experiments with automatically created memory-based heuristics",
journal = "Proc. SARA-2000, Lecture Notes in Artificial Intelligence",
volume = 1864,
pages = "281--290",
year = 2000}


@inproceedings{SARIT97,
   author="R. Schwartz and S. Kraus",
       title="Negotiation on data allocation in multi-agent environments",
       booktitle="AAAI",
       pages="29--35",
       year= 1997}

@ARTICLE{SCHOOND,
 AUTHOR = "R. Schoonderwoerd and O. Holland and  J. Bruten and L. Rothkrantz",
 TITLE = "Ant-based load balancing in telecommunications networks",
 JOURNAL = "Adaptive Behavior, 5(2)",
 YEAR = 1996
}


@inproceedings{SCHOP87,
       author="M. J. Schopers",
       title="Universal plans for reactive robots in unpredictable environments.",
       booktitle="International Joint Conference on Artificial Intelligence (IJCAI-87)",
       pages="1039-1046",
       year= 1987
}

@ARTICLE{Schroedl05,
 AUTHOR = "S. Schroedl",
 TITLE = "An Improved Search Algorithm for Optimal Multiple-Sequence Alignment",
        journal="JAIR",
 VOLUME=23,
 PAGES = "587--623",
 YEAR = 2005
 }

@article{SCOTCH,
      author="F. Pellgrini and J. Roman",
      title= "{SCOTCH}: a software package for static mapping by dual
         recursive bipartitioning of process and architecture
         graphs",

     journal="HPCN-Europe, Springer LNCS 1067",
     pages="493--498",
     year="1996"}

@book{SCOUTSTR84,
   author="J. Pearl",
       title="Heuristics",
       publisher="Addison-Wesley",
       address="Reading Mass",
   year=1984}

@article{SenBagchiZhangAIJ,
   author="Anup K. Sen and A. Bagchi and Weixiong Zhang",
       title="Average-case analysis of best-first search in two representative directed acyclic graphs",
       journal="Artificial Intelligence",
       volume="155(1-2)",
       pages="183-206",
       year= 2004}



@ARTICLE{Sensen,
 AUTHOR = "N . Sensen",
 TITLE = "Lower Bounds and Exact Algorithms for the Graph Partitioning
         Problem with Multicommodity FLows",
 JOURNAL = "Algorithms - ESA 2001",
  PAGES = "391--403",
 YEAR = 2001
}

@book{ sgall97line,
  author = "J. Sgall",
  title = "Line scheduling --- a survey, On-Line Algorithms",
  series = "Lecture Notes in Computer Science",
  publisher = "Springer-Verlag, Berlin",
  year = "1997"}


@inproceedings{silver2005coopeartive,
  author    = {D. Silver},
  title     = {Cooperative Pathfinding},
  booktitle = {AIIDE},
  year      = {2005},
  pages     = {117-122}
}

@inproceedings{silverbook,
author = {David Silver},
title = {Cooperative Pathfinding},
booktitle = {AI Game Programming Wisdom 3},
year = {2006},
}

@article{SIM83,
   author="S. Kirkpatrick and C. D. Gelatt and M. Vecshi",
       title="Optimization by simulated annealing",
       journal="Science",
       volume=220,
       pages="671-680",
       year=1993}

@book{Simon.mms,
  author = {Simon, H. A.},
  citeulike-article-id = {992558},
  keywords = {bibtex-import},
  posted-at = {2006-12-13 15:03:44},
  priority = {2},
  publisher = {Wiley},
  title = {{Models of man: social and rational: mathematical essays on rational human behavior in a social setting}},
  year = {1957}
}


  
@article {SKOENIG2001,
author =  "S. Koenig",
title = "Agent-Centered Search",
journal = "Artificial Intelligence Magazine",
volume = "22(4)",
pages = "109--131",
year =  "2001"}




@book{slocum,
     author="Jerry Slocum and Dic Sonneveld",
     title="The 15 Puzzle",
     publisher="Slocum Puzzle Foundation",
     year=2006}

@inproceedings{SMASTR94,
   author="H. Kaindl and A. Khorsand",
       title="Memory-bounded bidirectional search",
       booktitle="National Conference on Artificial Intelligence (AAAI-94)",
       pages="1359-1364",
       year= 1994}

@article{SOKOBAN,
      author="A. Junghanns and J. Schaeffer",
      title= "Sokoban: Enhancing general single-agent search methods using
domain knowledge.",
     journal="Artificial Intelligence",
     volume="129",
     pages="219--251",
     year="2001"}

@inproceedings{Sorensen2003DistanceMeasuresBasedOnEditDistance,
   author="K. Sorensen",
       title="Distance measures based on the edit distance for permutation type representations",
       booktitle="Workshop on Analysis and Design of Representations and Operators",
       pages="29--35",
       address="Chicago, USA.",
       year= 2003}

@inproceedings{Sorensen2005PermutationDistanceMeasures,
   author="K. Sorensen and M. Reimann and C. Prins",
       title="Permutation distance measures for memetic algorithms with population management",
       booktitle="MIC 6th Metaheuristics International Conference",
       address="Vienna, Austria",
       year= 2005}

@book{Spirtes.causation,
    address = {Cambridge, MA, USA},
    author = {Spirtes, Peter and Glymour, Clark and Scheines, Richard},
    day = {08},
    edition = {Second},
    howpublished = {Hardcover},
    isbn = {0262194406},
    keywords = {graphical-models, learning},
    month = {January},
    posted-at = {2008-08-13 17:50:21},
    priority = {0},
    publisher = {The MIT Press},
    title = {Causation, Prediction, and Search},
    year = {2001}
}

@article{Sprott.dde,
  author={Sprott,J. C.},
  journal={Physics Letters A},
  year={2007},
  volume={366},
  number={4--5},
  pages={397--402},
  title={A simple chaotic delay differential equation}
}

@article{SSSTR79,
   author="G. Stockman",
       title="A minimax algorithm better than alpha-beta?",
       journal="Artificial Intelligence",
       volume=12,
       pages="179-196",
       year=1979}

@inproceedings{standley2010findingOptimal,
  author    = {T. Standley},
  title     = {Finding Optimal Solutions to Cooperative Pathfinding Problems},
  booktitle = {AAAI},
  year      = {2010},
   pages     = {173-178}
}


@inproceedings{standley2011,
  author    = {T. Standley and
                 R. Korf},
  title     = {Complete Algorithms for Cooperative Pathﬁnding Problems
                  },
  booktitle = {IJCAI},
  year      = {2011},
  pages     = {668-673}
}

@inproceedings{Stephen91,
  author    = {Stephen V. Chenoweth and
               Henry W. Davis},
  title     = {High-Performance {A}* Search Using Rapidly Growing Heuristics},
       booktitle="International Joint Conference on Artificial Intelligence (IJCAI-91)",
  year      = {1991},
  pages     = {198-203},
  bibsource = {DBLP, http://dblp.uni-trier.de}
}


@inproceedings{STERNDILL,
   author="U. Stern and D. L. Dill.",
       title="Improved Probabilistic Verification by Hash Compaction",
       booktitle="Advanced Research Working Conference on Correct Hardware Design and Verification Methods",
       pages="206-240",
       year= 1995}

@article {stewart,
author = "B.M. Stewart",
title = "Solution to advanced problem 3918",
journal = "American Mathematical Monthly",
volume = "48",
year = "1941",
pages = "217-219"}


@ARTICLE{STRIPS,
 AUTHOR = "Fikes, R. and Nilsson, N. J.",
 TITLE = "{STRIPS}: A New Approach to the Application of Theorem Proving to Problem Solving",
 JOURNAL = "Artificial Intelligence",
 VOLUME = 2,
 YEAR = 1971,
 PAGES = "189-208"
}


@article{STRIPS71,
       author="R. E. Fikes and N. J. Nilsson",
       title= "STRIPS: a new approach to the application of theorem proving to problem solving",
       journal="Artificial Intelligence",
       volume="2(3-4)",
       pages="189-208",
       year= 1971}

@inproceedings{Sturtevant03,
  author    = {Nathan R. Sturtevant},
  title     = {Last-Branch and Speculative Pruning Algorithms for Max$^{\mbox{n}}$},
  booktitle = {IJCAI},
  year      = {2003},
  pages     = {669-678},
}

@inproceedings{Sturtevant04,
  author    = {Nathan R. Sturtevant},
  title     = {Current Challenges in Multi-player Game Search},
  booktitle = {Computers and Games},
  year      = {2004},
  pages     = {285-300},
}

@inproceedings{Sturtevant05,
  author    = {Nathan R. Sturtevant},
  title     = {Leaf-Value Tables for Pruning Non-Zero-Sum Games},
  booktitle = {IJCAI},
  year      = {2005},
  pages     = {317-323},
}

@inproceedings{Sturtevant07,
  author    = {Nathan R. Sturtevant},
  title     = {Memory-Efficient Abstractions for Pathfinding},
  booktitle = {AIIDE},
  year      = {2007},
  pages     = {31-36},
}

@inproceedings{SturtevantB05,
  author    = {Nathan R. Sturtevant and
               Michael Buro},
  title     = {Partial Pathfinding Using Map Abstraction and Refinement},
  booktitle = {AAAI},
  year      = {2005},
  pages     = {1392-1397},
}

@inproceedings{SturtevantB06,
  author    = {Nathan R. Sturtevant and
               Michael H. Bowling},
  title     = {Robust game play against unknown opponents},
  booktitle = {AAMAS},
  year      = {2006},
  pages     = {713-719},
}

@inproceedings{SturtevantBB10,
  author    = {Nathan R. Sturtevant and
               Vadim Bulitko and
               Yngvi Bj{\"o}rnsson},
  title     = {On learning in agent-centered search},
  booktitle = {AAMAS},
  year      = {2010},
  pages     = {333-340},
}

@MISC{sturtevantburo,
    author = {N. Sturtevant and M. Buro},
    title = {Improving Collaborative Pathfinding Using Map Abstraction},
  booktitle = {AIIDE},
    year = {2006}
}

@inproceedings{SturtevantJ07,
  author    = {N. Sturtevant and
               M. Jansen},
  title     = {An Analysis of Map-Based Abstraction and Refinement},
  booktitle = {SARA},
  year      = {2007},
  pages     = {344-358},
}

@inproceedings{SturtevantZB06,
  author    = {Nathan R. Sturtevant and
               Martin Zinkevich and
               Michael H. Bowling},
  title     = {Prob-Maxn: Playing N-Player Games with Opponent Models},
  booktitle = {AAAI},
  year      = {2006},
}

@ARTICLE{survey16,
  AUTHOR =       {T.R.Balch and R.C.Arkin},
  TITLE =        {Communication in Reactive Multiagent Robotic Systems},
  JOURNAL =      {Autonomous Robots},
  YEAR =         {1994},
  volume =       {1},
  number =       {1},
  pages =        {1--25},
}

@TECHREPORT{survey17,
  AUTHOR =       {M.Benda and V.Jagannathan and R.Dodhiawalla},
  TITLE =        {On Optimal Cooperation of Knowledge Sources},
  INSTITUTION =  {Boeing AI Center},
  YEAR =         {1985},
  type =         {Technical Report},
  number =       {BCS-G 2010-28},
  month =        {August},
}

@ARTICLE{survey20,
  AUTHOR =       {R.A.Brooks},
  TITLE =        {A Robust Layered Control System for a Mobile Robot},
  JOURNAL =      {IEEE Journal of Robotics and Automation},
  YEAR =         {1986},
  volume =       {RA-2},
  number =       {1},
  pages =        {14--23},
  month =        {March},
}

@INPROCEEDINGS{survey26,
  AUTHOR =       {J.Deneubourg and S.Goss and G.Sandini and F.Ferrari and P.
Dario},
  TITLE =        {Self-Organizing Collection and Transport of Objects in
Unpredictable Environments},
  BOOKTITLE =    {Japan-U.S.A. Symposium on Flexible Automation},
  YEAR =         {1990},
  pages =        {1093-1098},
  address =      {Kyoto, Japan},
}

@INPROCEEDINGS{survey28,
  AUTHOR =       {A.Drogoul and J.Ferber},
  TITLE =        {From Tom Thumb to the Dockers: Some Experiments With Foraging
Robots},
  BOOKTITLE =    {International Conference on Simulation of Adaptive Behavior},
  YEAR =         {1992},
  pages =        {451-459},
  address =      {Honolulu, Hawaii},
}

@ARTICLE{survey3,
  AUTHOR =       {R.C.Arkin},
  TITLE =        {Integrating Behavioral, Perceptual, and World Knowledge in
Reactive Navigation},
  JOURNAL =      {Robotics and Autonomous Systems},
  YEAR =         {1990},
  volume =       {6},
  pages =        {105--122},
}

@INBOOK{survey34,
  AUTHOR =       {T.Haynes and S.Sen},
  TITLE =        {Adaptation and Learning in Multi-Agent Systems},
  CHAPTER =      {Evolving Behavioral Strategies in Predators and Prey},
  pages =        {113--126},
  PUBLISHER =    {Springer},
  YEAR =         {1986},
}

@INPROCEEDINGS{survey35,
  AUTHOR =       {L.Hugues},
  TITLE =        {Collective Grounded Representations for Robots},
  BOOKTITLE =    {International Conference on Distributed Autonomous Robotic Systems (DARS 2000)},
  YEAR =         {2000},
  pages =        {79--88},
}

@ARTICLE{survey36,
  AUTHOR =       {D.Jung and A.Zelinsky},
  TITLE =        {Grounded Symbolic Communication Between Heterogeneous
Cooperating Robots},
  JOURNAL =      {Autonomous Robots},
  YEAR =         {2000},
  volume =       {8},
  number =       {3},
  pages =        {269--292},
  month =        {July},
}

@INPROCEEDINGS{survey44,
  AUTHOR =       {M.J.Mataric},
  TITLE =        {Designing Emergent Behaviors: From Local Interactions to
Collective Intelligence},
  BOOKTITLE =    {International Conference on Simulation of Adaptive Behavior},
  YEAR =         {1992},
  editor =       {J.Meyer and H.Roitblat and S.Wilson},
  pages =        {432--441},
  address =      {Honolulu, Hawaii},
  publisher =    {MIT Press},
}

@ARTICLE{survey51,
  AUTHOR =       {E.Pagello and A.DAngelo and F.Montesello and F.Garelli and C.
Ferrari},
  TITLE =        {Cooperative Behaviors in Multi-Robot Systems Through Implicit
Communication},
  JOURNAL =      {Robotics and Autonomous Systems},
  YEAR =         {1999},
  volume =       {29},
  number =       {1},
  pages =        {65--77},
}

@book{Sutton+Barto:1998,
  title={Reinforcement learning: An introduction},
  author={Sutton, R.S. and Barto, A.G.},
  volume={116},
  year={1998},
  publisher={Cambridge University Press}
}

@article{Swisher+et+al:2003,
author = {James R. Swisher and Sheldon H. Jacobson and Enver Y\"{u}cesan},
title = {Discrete-event simulation optimization using ranking, selection, and multiple comparison procedures: A survey},
year = {2003},
journal = {ACM Transactions on Modeling and Computer Simulation},
}



@inproceedings{SYM02,
   author="S. Edelkamp",
       title="Symbolic Pattern Databases in Heuristic Search Planning",
       booktitle="Proc. International Conference on AI Planning and Scheduling (AIPS)",
       pages="274--293",
       year= 2002}

@article{TABU89,
   author="F. Glover",
       title="Tabu search",
       journal="ORSA Journal of computing 1(3)",
       pages="190-206",
       year=1989}

@inproceedings{thayer:bss,
    author = "Jordan T. Thayer and Wheeler Ruml",
    title = "Bounded Suboptimal Search: A Direct Approach Using Inadmissible Estimates",
    booktitle = "Proceedings of the Twenty-second International Joint Conference on Artificial Intelligence (IJCAI-11)",
    year = 2011
}

@article{TolpinShimony:2012,
  author    = {David Tolpin and Solomon Eyal Shimony},
  title     = {Semimyopic Measurement Selection for Optimization Under Uncertainty},
  journal   = {IEEE Transactions on Systems, Man, and Cybernetics, Part B},
  volume    = {42},
  number    = {2},
  year      = {2012},
  pages     = {565-579},
  ee        = {http://dx.doi.org/10.1109/TSMCB.2011.2169247},
  bibsource = {DBLP, http://dblp.uni-trier.de}
}

@article{TolpinShimony.blinkered,
  author    = {David Tolpin and Solomon Eyal Shimony},
  title     = {Semimyopic Measurement Selection for Optimization Under Uncertainty},
  journal   = {IEEE Transactions on Systems, Man, and Cybernetics, Part B},
  volume    = {42},
  number    = {2},
  year      = {2012},
  pages     = {565-579},
  ee        = {http://dx.doi.org/10.1109/TSMCB.2011.2169247},
  bibsource = {DBLP, http://dblp.uni-trier.de}
}

@inproceedings{TolpinShimony.csp,
  author    = {David Tolpin and
               Solomon Eyal Shimony},
  title     = {Rational Deployment of CSP Heuristics},
  booktitle = {IJCAI},
  year      = {2011},
  pages     = {680-686},
  ee        = {http://ijcai.org/papers11/Papers/IJCAI11-120.pdf},
  bibsource = {DBLP, http://dblp.uni-trier.de}
}


@inproceedings{TolpinShimony.mcts,
  author = {David Tolpin and Solomon Eyal Shimony},
  booktitle = {AAAI},
  note = {To appear},
  publisher = {AAAI Press},
  title = {{MCTS} based on simple regret},
  year = {2012},
  date = {2012-07-22}
}



@article{TolpinShimony.raticomp,
  author    = {David Tolpin and
               Solomon Eyal Shimony},
  title     = {Rational value of information estimation for measurement
               selection},
  journal   = {Intelligent Decision Technologies},
  volume    = {6},
  number    = {4},
  year      = {2012},
  pages     = {297-304},
}

@ARTICLE{Tomlin98conflictresolution,
    author = {Claire Tomlin and George J. Pappas and Shankar Sastry},
    title = {Conflict Resolution for Air Traffic Management: a Study in Multi-Agent Hybrid Systems},
    journal = {IEEE Transactions on Automatic Control},
    year = {1998},
    volume = {43},
    pages = {509--521}
}

@inproceedings{trees,
author = "E. Masehian and A.H. Nejad",
title = "Solvability of multi robot motion planning problems on trees.",
booktitle = "Proceedings of the 2009 IEEE/RSJ international conference on Intelligent robots and systems",
year = 2009,
pages = "5936 - 5941"
}

@book{Tsang.csp,
    author = {Edward Tsang},
    title = {Foundations of Constraint Satisfaction},
    isbn = {0-12-701610-4},
    publisher = {Academic Press},
    address = {London and San Diego},
    year = {1993}
}

@inproceedings{twentyfour,
   author="Korf, R. E. and L.A. Taylor",
       title="Finding Optimal Solutions to
the Twenty-Four Puzzle",
       booktitle="National Conference on Artificial Intelligence (AAAI-96)",
       pages="1202--1207",
       year= 1996}







@ARTICLE{valtorta84,
 AUTHOR = "Valtorta, M.",
 TITLE = "A Result on the Computational Complexity of Heuristic Estimates for the {A}* Algorithm",
 JOURNAL = "Information Sciences",
 YEAR = 1984,
 PAGES = "47-59"
}

@article{VANTS2001,
   author="V. Yanovski and I. A. Wagner and A. M. Bruckstein",
       title="Vertex-Ant-Walk: {A} robust method for efficient
       exploration of faulty graphs",
       journal="Annals of Mathematics and Artificial Intelligence",
       volume = "31(1-4)",
       pages= "99-112",
       year= 2001
}

@article{VCAPP97,
      author="P. Crecenzi and V. Kann",
      title= "A compendium of {NP} optimization problems",
     journal="Available at http://www.nada.kth.se/theory/problemlist.html",
     year="1997"}

@inproceedings{Vermorel.bandits,
  author    = {Joann{\`e}s Vermorel and Mehryar Mohri},
  title     = {Multi-armed Bandit Algorithms and Empirical Evaluation},
  booktitle = {ECML},
  year      = {2005},
  pages     = {437-448},
}

@article{Wald+1945,
author = {A. Wald},
title = {Sequential tests of statistical hypotheses},
year = {1945},
journal = {Annals of Mathematical Statistics},
pages = {117--186},
volume = {16}
}

@inproceedings{Wallace.macheur,
    author = {Richard J. Wallace and Eugene C. Freuder},
    title = {Ordering Heuristics for Arc Consistency Algorithms},
    booktitle = {AI/GI/VI ’92},
    year = {1992},
    pages = {163--169}
}

@inproceedings{wang2009tractableMultiagent,
 author = {Wang, K. C. and Botea, A.},
 title = {Tractable multi-agent path planning on grid maps},
 booktitle = {IJCAI'09: Proceedings of the 21st international jont conference on Artifical intelligence},
 year = {2009},
 pages = {1870--1875},
 location = {Pasadena, California, USA},
 address = {San Francisco, CA, USA},
 }

@inproceedings{WangB08,
  author    = {K. C. Wang and
               A. Botea},
  title     = {Fast and Memory-Efficient Multi-Agent Pathfinding},
  booktitle = {ICAPS},
  year      = {2008},
  pages     = {380-387}
}


@inproceedings{WangB09,
  author    = {Ko-Hsin Cindy Wang and
               Adi Botea},
  title     = {Tractable Multi-Agent Path Planning on Grid Maps},
  booktitle = {IJCAI},
  year      = {2009},
  pages     = {1870-1875}
}



@article{WASTR70,
       author="Ira Pohl",
       title= "Heuristic search viewed as path finding in a graph",
       journal="Artificial Intelligence",
       volume=1,
       pages="193-204",
       year= 1970}

@inproceedings{WASTR73,
       author="Ira Pohl",
       title="The avoidance of (relative) catastrophe, heuristic
         competence, genuine dynamic
                weighting and computational issues in heuristic
         problem solving",
       booktitle="International Joint Conference on Artificial Intelligence (IJCAI-73)",
       pages="12-17",
       year= 1973
}

@phdthesis{WASTR79,
       author="J.  Gasching",
       title="Performance measurement and analysis of certain search algorithms",
       school="Department of Computer Science, Carnegie-Mellon University",
       address="Pittsburgh Pa",
       year=1979}

@article{WASTR89,
   author="H. W. Davis and A. Bramanti-Gregor and J. Wang",
       title="The advantages of using depth and breadth components
         in heuristic search ",
       journal="Methodologies for Intelligent systems 3",
       editor= "Z.W. Ras and L. Saitta",
       pages="19-28",
       year=1989,
       address="North-Holland, Amsterdam"}

@article{ WeissFreeman.correctness,
    author = "Yair Weiss and William T. Freeman",
    title = "Correctness of Belief Propagation in Gaussian Graphical Models of Arbitrary Topology",
    journal = "Neural Computation",
    volume = "13",
    number = "10",
    pages = "2173--2200",
    year = "2001",
    url = "citeseer.ist.psu.edu/weiss99correctness.html"
}

@article{WicklerPotter.information-gathering,
  author    = {Gerhard Wickler and 
               Stephen Potter},
  title     = {Information-gathering: From sensor data to decision support
               in three simple steps},
  journal   = {Intelligent Decision Technologies},
  volume    = {3},
  number    = {1},
  year      = {2009},
  pages     = {3-17},
}

@misc{ Wikipedia.Bayesian_inference,
  author = "Wikipedia",
  title = "Bayesian inference---{W}ikipedia{,} {T}he {F}ree {E}ncyclopedia",
  url = "\url{http://en.wikipedia.org/wiki/Bayesian_inference}",
  year=2009,
  note="[Online; accessed 9-July-2009]"
}

@misc{ Wikipedia.Bayesian_network,
  author = "Wikipedia",
  title = "Bayesian network---{W}ikipedia{,} {T}he {F}ree {E}ncyclopedia",
  url = "\url{http://en.wikipedia.org/wiki/Bayesian_network}",
  year=2009,
  note="[Online; accessed 9-July-2009]"
}

@misc{ Wikipedia.Belief_propagation,
  author = "Wikipedia",
  title = "Belief propagation---{W}ikipedia{,} {T}he {F}ree {E}ncyclopedia",
  url = "\url{http://en.wikipedia.org/wiki/Belief_propagation}",
  year=2009,
  note="[Online; accessed 9-July-2009]"
}

@misc{Wikipedia.Concave_function,
  author = "Wikipedia",
  title = "Concave function---{W}ikipedia{,} {T}he {F}ree {E}ncyclopedia",
  url = "\url{http://en.wikipedia.org/wiki/Concave_function}",
  year=2009,
  note="[Online; accessed 22-July-2009]"
}


@misc{Wikipedia.Graphical_model,
  author = "Wikipedia",
  title = "Graphical model---{W}ikipedia{,} {T}he {F}ree {E}ncyclopedia",
  url = "\url{http://en.wikipedia.org/wiki/Graphical_model}",
  year=2009,
  note="[Online; accessed 9-July-2009]"
}

@misc{Wikipedia.Himmelblau_function,
  author = "Wikipedia",
  title = "Himmelblau's function---{W}ikipedia{,} {T}he {F}ree {E}ncyclopedia",
  url = "\url{http://en.wikipedia.org/wiki/Himmelblau's_function}",
  year=2009,
  note="[Online; accessed 9-July-2009]"
}

@misc{Wikipedia.Knapsack_problem,
  author = "Wikipedia",
  title = "Knapsack problem---{W}ikipedia{,} {T}he {F}ree {E}ncyclopedia",
  url = "\url{http://en.wikipedia.org/wiki/Knapsack_problem}",
  year=2009,
  note="[Online; accessed 18-Aug-2009]"
}


@misc{Wikipedia.Markov_random_field,
  author = "Wikipedia",
  title = "Markov random field---{W}ikipedia{,} {T}he {F}ree {E}ncyclopedia",
  url = "\url{http://en.wikipedia.org/wiki/Markov_random_field}",
  year=2009,
  note="[Online; accessed 9-July-2009]"
}

@misc{Wikipedia.Multi-armed_bandit,
  author = "Wikipedia",
  title = "Multi-armed bandit--{W}ikipedia{,} {T}he {F}ree {E}ncyclopedia",
  url = "\url{http://en.wikipedia.org/wiki/Multi-armed_bandit}",
  year=2009,
  note="[Online; accessed 3-September-2009]"
}

@incollection {Wolf.scheduling,
   author = {Wolf, Armin},
   affiliation = {Fraunhofer FIRST, Kekul\'estraße 7, D-12489 Berlin Germany},
   title = {Reduce-To-The-Opt – A Specialized Search Algorithm for Contiguous Task Scheduling},
   booktitle = {Recent Advances in Constraints},
   series = {Lecture Notes in Computer Science},
   editor = {Apt, Krzysztof R. and Fages, François and Rossi, Francesca and Szeredi, Péter and Váncza, Josef},
   publisher = {Springer Berlin / Heidelberg},
   isbn = {},
   pages = {223--232},
   volume = {3010},
   year = {2004}
}

@article{Xu.rb,
    author = {Ke Xu and Wei Li},
    title = {Exact Phase Transitions in Random Constraint Satisfaction Problems},
    journal = {Journal of Artificial Intelligence Research},
    year = {2000},
    volume = {12},
    pages = {93--103}
}

@article{Yao:2006,
  title={Some results on the Gittins index for a normal reward process},
  author={Yao, Y.C.},
  journal={Lecture Notes-Monograph Series},
  pages={284--294},
  year={2006},
  publisher={JSTOR}
}

@article{Yu:2011,
  title={Structural Properties of Bayesian Bandits with Exponential Family Distributions},
  author={Yu, Y.},
  journal={Arxiv preprint arXiv:1103.3089},
  year={2011}
}

@inproceedings{zhang-bacchus:aaai-2012,
  author    = {Lei Zhang and
               Fahiem Bacchus},
  title     = {MAXSAT Heuristics for Cost Optimal Planning},
  booktitle = {AAAI},
  year      = {2012},
}

@mastersthesis{ZhangMaster08,
       author="Z. Zhang",
       title="Single Agent Search with Addmissible Inconsistent Heuristics",
       school="Department of Computer Science, University of Alberta",
       address="Canada",
       year=2008}





@inproceedings{ZHOU04,
   author="R. Zhou and E. Hansen",
       title="Space-Efficient Memory-Based Heuristics",
       booktitle="National Conference on Artificial Intelligence (AAAI-04)",
       pages="677--682",
       year= 2004}

@inproceedings{ZHOU04b,
   author="R. Zhou and E. Hansen",
       title="Structured Duplicate Detection in External-Memory Graph Search",
       booktitle="National Conference on Artificial Intelligence (AAAI-04)",
       pages="683--689",
       year= 2004}

@inproceedings{ZHOU04c,
    author="R. Zhou and E. Hansen",
        title="Breadth-First Heuristic Search",
        booktitle= "International Conference on Automated Planning and Scheduling (ICAPS-04)",
        pages="92--100",
        year= 2004}

@inproceedings{Zhou.clustering,
    author = {Xiaobo Zhou and Xiaodong Wang and Edward R. Dougherty},
    title = {Construction of Genomic Networks Using Mutual-Information Clustering and Reversible-Jump {MCMC} Predictor Design},
    booktitle = {Signal Processing},
    year = {2003},
    pages = {745--761}
}

@inproceedings{zhouhansen,
  AUTHOR = "R. Zhou and E. A. Hansen",
  TITLE = "Memory-Bounded {A*} Graph Search",
  booktitle = "Florida Artificial Intelligence Research Society (FLAIRS-02)",
  YEAR = 2002,
  PAGES = "203-209"
}

@phdthesis{Zilberstein.PHD,
  author = {Zilberstein,, Shlomo},
  title = {Operational Rationality through Compilation of Anytime Algorithms},
  school = {University of California at Berkeley},
  year = {1993},
  address = {Berkeley, CA, USA},
}


@article{Zilberstein.sensing,
  author  = {Zilberstein,, Shlomo},
  title = {Resource-bounded sensing and planning in autonomous systems},
  journal = {Autonomous Robots},
  year = {1996},
  volume = {3},
  pages = {31--48},
  publisher = {MIT Press},
}
  
@book{Zimmermann.fuzzy,
  author="Zimmermann, H.J.",
  title="Fuzzy Set Theory and its applications",
  publisher="Kluwer Academic, Dordrecht",
  year=1991
}

%% ==================




@inproceedings{ZITA,
       author="K. Zita and M. Veloso",
       title="Route planning by Analogy",
       booktitle="International Conference on Case-Based Reasoning",
       year=1995}


